
<record>
  <leader>02334cjm a2200541 a 4500</leader>
  <controlfield tag="001">5702585</controlfield>
  <controlfield tag="005">20200103102320.0</controlfield>
  <controlfield tag="007">sd fsngnnmmned</controlfield>
  <controlfield tag="008">940420m19929999nz con|           | lat  </controlfield>
  <datafield tag="906" ind1=" " ind2=" ">
    <subfield code="a">7</subfield>
    <subfield code="b">cbc</subfield>
    <subfield code="c">copycat</subfield>
    <subfield code="d">2</subfield>
    <subfield code="e">ncip</subfield>
    <subfield code="f">20</subfield>
    <subfield code="g">y-soundrec</subfield>
  </datafield>
  <datafield tag="925" ind1="0" ind2=" ">
    <subfield code="a">acquire</subfield>
    <subfield code="b">2 shelf copies</subfield>
    <subfield code="x">policy default</subfield>
  </datafield>
  <datafield tag="955" ind1=" " ind2=" ">
    <subfield code="a">qr06 2020-01-03 z-client</subfield>
    <subfield code="i">qr06 2020-01-03</subfield>
    <subfield code="a">qr06 2019-12-31 z-client</subfield>
    <subfield code="i">qr06 2019-12-31</subfield>
  </datafield>
  <datafield tag="010" ind1=" " ind2=" ">
    <subfield code="a">   94703137 </subfield>
  </datafield>
  <datafield tag="028" ind1="0" ind2="0">
    <subfield code="a">CD MANU 1415</subfield>
    <subfield code="b">Manu</subfield>
  </datafield>
  <datafield tag="028" ind1="0" ind2="0">
    <subfield code="a">CD MANU 1486</subfield>
    <subfield code="b">Manu</subfield>
  </datafield>
  <datafield tag="033" ind1="0" ind2=" ">
    <subfield code="b">9084</subfield>
    <subfield code="c">A8</subfield>
  </datafield>
  <datafield tag="035" ind1=" " ind2=" ">
    <subfield code="a">(OCoLC)ocm30354721</subfield>
  </datafield>
  <datafield tag="040" ind1=" " ind2=" ">
    <subfield code="a">DLC</subfield>
    <subfield code="b">eng</subfield>
    <subfield code="c">DLC</subfield>
    <subfield code="d">PUL</subfield>
    <subfield code="d">OCLCO</subfield>
    <subfield code="d">OCLCF</subfield>
    <subfield code="d">OCLCQ</subfield>
    <subfield code="d">DLC</subfield>
  </datafield>
  <datafield tag="041" ind1="0" ind2=" ">
    <subfield code="d">lat</subfield>
    <subfield code="d">mao</subfield>
  </datafield>
  <datafield tag="042" ind1=" " ind2=" ">
    <subfield code="a">lccopycat</subfield>
  </datafield>
  <datafield tag="050" ind1="0" ind2="0">
    <subfield code="a">SDD 32336, etc.</subfield>
  </datafield>
  <datafield tag="110" ind1="2" ind2=" ">
    <subfield code="a">Auckland Philharmonia.</subfield>
    <subfield code="4">prf</subfield>
  </datafield>
  <datafield tag="245" ind1="1" ind2="0">
    <subfield code="a">New Zealand music.</subfield>
  </datafield>
  <datafield tag="260" ind1=" " ind2=" ">
    <subfield code="a">[New Zealand] :</subfield>
    <subfield code="b">Manu,</subfield>
    <subfield code="c">&lt;℗1992-℗1994&gt;</subfield>
  </datafield>
  <datafield tag="300" ind1=" " ind2=" ">
    <subfield code="a">&lt;2&gt; audio discs :</subfield>
    <subfield code="b">digital ;</subfield>
    <subfield code="c">4 3/4 in.</subfield>
  </datafield>
  <datafield tag="306" ind1=" " ind2=" ">
    <subfield code="a">002031</subfield>
    <subfield code="a">002432</subfield>
    <subfield code="a">002431</subfield>
    <subfield code="a">000945</subfield>
    <subfield code="a">002200</subfield>
    <subfield code="a">002800</subfield>
  </datafield>
  <datafield tag="336" ind1=" " ind2=" ">
    <subfield code="a">performed music</subfield>
    <subfield code="b">prm</subfield>
    <subfield code="2">rdacontent</subfield>
  </datafield>
  <datafield tag="337" ind1=" " ind2=" ">
    <subfield code="a">audio</subfield>
    <subfield code="b">s</subfield>
    <subfield code="2">rdamedia</subfield>
  </datafield>
  <datafield tag="338" ind1=" " ind2=" ">
    <subfield code="a">audio disc</subfield>
    <subfield code="b">sd</subfield>
    <subfield code="2">rdacarrier</subfield>
  </datafield>
  <datafield tag="500" ind1=" " ind2=" ">
    <subfield code="a">Manu: &lt;CD MANU 1415, CD MANU 1486&gt;.</subfield>
  </datafield>
  <datafield tag="500" ind1=" " ind2=" ">
    <subfield code="a">The 3rd work in v. 4 sung in Latin and Maori.</subfield>
  </datafield>
  <datafield tag="511" ind1="0" ind2=" ">
    <subfield code="a">Auckland Dorian Choir (in the 3rd work in v. 4); Peter Scholes, Shona Charlton, Nicola May, clarinets (in the 3rd work in v. 5); Auckland Philharmonia Orchestra; John Hopkins, conductor.</subfield>
  </datafield>
  <datafield tag="518" ind1=" " ind2=" ">
    <subfield code="a">Vol. 4 recorded at Kristin School Hall, Albany, Auckland; v. 5 at the Auckland Museum.</subfield>
  </datafield>
  <datafield tag="500" ind1=" " ind2=" ">
    <subfield code="a">Compact disc.</subfield>
  </datafield>
  <datafield tag="505" ind1="0" ind2=" ">
    <subfield code="a">Scherzo for orchestra (9:45) / David Farquhar --Pacific hockets (21:18) / John Elmsly --Triple clarinet concerto (27:08) / Eve de Castro-Robinson.</subfield>
  </datafield>
  <datafield tag="650" ind1=" " ind2="0">
    <subfield code="a">Orchestral music.</subfield>
  </datafield>
  <datafield tag="650" ind1=" " ind2="0">
    <subfield code="a">Choruses, Secular (Mixed voices) with orchestra.</subfield>
  </datafield>
  <datafield tag="650" ind1=" " ind2="0">
    <subfield code="a">Concertos (Clarinets (3))</subfield>
  </datafield>
  <datafield tag="650" ind1=" " ind2="7">
    <subfield code="a">Choruses, Secular (Mixed voices) with orchestra.</subfield>
    <subfield code="2">fast</subfield>
    <subfield code="0">(OCoLC)fst00858811</subfield>
  </datafield>
  <datafield tag="650" ind1=" " ind2="7">
    <subfield code="a">Concertos (Clarinets (3))</subfield>
    <subfield code="2">fast</subfield>
    <subfield code="0">(OCoLC)fst01187570</subfield>
  </datafield>
  <datafield tag="650" ind1=" " ind2="7">
    <subfield code="a">Orchestral music.</subfield>
    <subfield code="2">fast</subfield>
    <subfield code="0">(OCoLC)fst01047289</subfield>
  </datafield>
  <datafield tag="700" ind1="1" ind2=" ">
    <subfield code="a">Scholes, Peter.</subfield>
    <subfield code="4">prf</subfield>
  </datafield>
  <datafield tag="700" ind1="1" ind2=" ">
    <subfield code="a">Charlton, Shona.</subfield>
    <subfield code="4">prf</subfield>
  </datafield>
  <datafield tag="700" ind1="1" ind2=" ">
    <subfield code="a">May, Nicola</subfield>
    <subfield code="c">(Clarinetist)</subfield>
    <subfield code="4">prf</subfield>
  </datafield>
  <datafield tag="700" ind1="1" ind2=" ">
    <subfield code="a">Hopkins, John,</subfield>
    <subfield code="d">1927-2013.</subfield>
    <subfield code="4">cnd</subfield>
  </datafield>
  <datafield tag="710" ind1="2" ind2=" ">
    <subfield code="a">New Zealand Dorian Choir.</subfield>
    <subfield code="4">prf</subfield>
  </datafield>
  <datafield tag="953" ind1=" " ind2=" ">
    <subfield code="a">TA28</subfield>
  </datafield>
  <datafield tag="991" ind1=" " ind2=" ">
    <subfield code="b">c-RecSound</subfield>
    <subfield code="h">Manu CD MANU 1415, CD MANU 1486</subfield>
    <subfield code="w">MUSIC</subfield>
  </datafield>
</record>