
<record>
  <leader>02341cjm a2200505 a 4500</leader>
  <controlfield tag="001">5730832</controlfield>
  <controlfield tag="005">20200103131614.0</controlfield>
  <controlfield tag="007">sdubsmennmplue</controlfield>
  <controlfield tag="008">941103s1972    fi uun                   </controlfield>
  <datafield tag="906" ind1=" " ind2=" ">
    <subfield code="a">7</subfield>
    <subfield code="b">cbc</subfield>
    <subfield code="c">orignew</subfield>
    <subfield code="d">3</subfield>
    <subfield code="e">ncip</subfield>
    <subfield code="f">19</subfield>
    <subfield code="g">y-genmusic</subfield>
  </datafield>
  <datafield tag="955" ind1=" " ind2=" ">
    <subfield code="a">vk07 11-02-94</subfield>
  </datafield>
  <datafield tag="010" ind1=" " ind2=" ">
    <subfield code="a">   94773605 </subfield>
  </datafield>
  <datafield tag="028" ind1="0" ind2="2">
    <subfield code="a">LRLP 57</subfield>
    <subfield code="b">Love Records</subfield>
  </datafield>
  <datafield tag="035" ind1=" " ind2=" ">
    <subfield code="9">(DLC)   94773605</subfield>
  </datafield>
  <datafield tag="035" ind1=" " ind2=" ">
    <subfield code="a">(OCoLC)31397748</subfield>
  </datafield>
  <datafield tag="040" ind1=" " ind2=" ">
    <subfield code="a">DLC</subfield>
    <subfield code="c">DLC</subfield>
    <subfield code="d">DLC</subfield>
  </datafield>
  <datafield tag="043" ind1=" " ind2=" ">
    <subfield code="a">e-fi---</subfield>
  </datafield>
  <datafield tag="050" ind1="0" ind2="0">
    <subfield code="a">Love Records LRLP 57</subfield>
  </datafield>
  <datafield tag="245" ind1="0" ind2="0">
    <subfield code="a">Triplet</subfield>
    <subfield code="h">[sound recording] :</subfield>
    <subfield code="b">uutta Suomalaista musiikkia = new Finnish modern music.</subfield>
  </datafield>
  <datafield tag="260" ind1=" " ind2=" ">
    <subfield code="a">[Finland] :</subfield>
    <subfield code="b">Love Records,</subfield>
    <subfield code="c">[ca. 1972]</subfield>
  </datafield>
  <datafield tag="300" ind1=" " ind2=" ">
    <subfield code="a">1 sound disc :</subfield>
    <subfield code="b">analog, 33 1/3 rpm, stereo. ;</subfield>
    <subfield code="c">12 in.</subfield>
  </datafield>
  <datafield tag="500" ind1=" " ind2=" ">
    <subfield code="a">The 1st work for clarinet, bassoon, horn, violin, viola, violoncello, and double bass.</subfield>
  </datafield>
  <datafield tag="511" ind1="0" ind2=" ">
    <subfield code="a">In the 1st work: Paavo Lampinen, clarinet; members of Helsingin kaupunginorkesteri; Kari Tikka, conductor. In the 2nd: Esa Kamu, Mauri Pietikäinen, violas; Veikko Höylä, violoncello. In the 3rd: Arto Noras, violoncello. In the 4th: Jarmo Sermilä, mellophone; Edward Vesala, percussion.</subfield>
  </datafield>
  <datafield tag="505" ind1="0" ind2=" ">
    <subfield code="a">Klarinettiseptetto (1971) = Clarinet septet / Teppo Hauta-aho -- Kaksi aforismia = Two aphorisms / Kari Tikka -- Improvaatio (1971) = Improvation [sic] / Teppo Hauta-aho -- Monody / Jarmo Sermilä.</subfield>
  </datafield>
  <datafield tag="650" ind1=" " ind2="0">
    <subfield code="a">Instrumental music</subfield>
    <subfield code="z">Finland</subfield>
    <subfield code="y">20th century.</subfield>
  </datafield>
  <datafield tag="650" ind1=" " ind2="0">
    <subfield code="a">Septets (Bassoon, clarinet, horn, violin, viola, cello, double bass)</subfield>
  </datafield>
  <datafield tag="650" ind1=" " ind2="0">
    <subfield code="a">String trios (Violas (2), cello)</subfield>
  </datafield>
  <datafield tag="650" ind1=" " ind2="0">
    <subfield code="a">Cello music.</subfield>
  </datafield>
  <datafield tag="650" ind1=" " ind2="0">
    <subfield code="a">Alto horn and percussion music.</subfield>
  </datafield>
  <datafield tag="700" ind1="1" ind2=" ">
    <subfield code="a">Lampinen, Paavo.</subfield>
    <subfield code="4">prf</subfield>
  </datafield>
  <datafield tag="700" ind1="1" ind2=" ">
    <subfield code="a">Tikka, Kari.</subfield>
    <subfield code="4">cnd</subfield>
  </datafield>
  <datafield tag="700" ind1="1" ind2=" ">
    <subfield code="a">Kamu, Esa,</subfield>
    <subfield code="d">1944-</subfield>
    <subfield code="4">prf</subfield>
  </datafield>
  <datafield tag="700" ind1="1" ind2=" ">
    <subfield code="a">Pietikäinen, Mauri.</subfield>
    <subfield code="4">prf</subfield>
  </datafield>
  <datafield tag="700" ind1="1" ind2=" ">
    <subfield code="a">Höylä, Veikko.</subfield>
    <subfield code="4">prf</subfield>
  </datafield>
  <datafield tag="700" ind1="1" ind2=" ">
    <subfield code="a">Noras, Arto.</subfield>
    <subfield code="4">prf</subfield>
  </datafield>
  <datafield tag="700" ind1="1" ind2=" ">
    <subfield code="a">Sermilä, Jarmo,</subfield>
    <subfield code="d">1939-</subfield>
    <subfield code="4">prf</subfield>
  </datafield>
  <datafield tag="700" ind1="1" ind2=" ">
    <subfield code="a">Vesala, Edward.</subfield>
    <subfield code="4">prf</subfield>
  </datafield>
  <datafield tag="700" ind1="1" ind2="2">
    <subfield code="a">Hauta-aho, Teppo,</subfield>
    <subfield code="d">1941-</subfield>
    <subfield code="t">Septet,</subfield>
    <subfield code="m">clarinet, bassoon, horn, violin, viola, cello, double bass.</subfield>
  </datafield>
  <datafield tag="700" ind1="1" ind2="2">
    <subfield code="a">Tikka, Kari.</subfield>
    <subfield code="t">Aforismia.</subfield>
  </datafield>
  <datafield tag="700" ind1="1" ind2="2">
    <subfield code="a">Hauta-aho, Teppo,</subfield>
    <subfield code="d">1941-</subfield>
    <subfield code="t">Improvisation,</subfield>
    <subfield code="m">cello.</subfield>
  </datafield>
  <datafield tag="700" ind1="1" ind2="2">
    <subfield code="a">Sermilä, Jarmo,</subfield>
    <subfield code="d">1939-</subfield>
    <subfield code="t">Monody,</subfield>
    <subfield code="m">alto horn, percussion.</subfield>
  </datafield>
  <datafield tag="710" ind1="2" ind2=" ">
    <subfield code="a">Helsingin kaupunginorkesteri.</subfield>
    <subfield code="4">prf</subfield>
  </datafield>
  <datafield tag="953" ind1=" " ind2=" ">
    <subfield code="a">TA28</subfield>
  </datafield>
  <datafield tag="985" ind1=" " ind2=" ">
    <subfield code="a">9411</subfield>
  </datafield>
  <datafield tag="991" ind1=" " ind2=" ">
    <subfield code="b">c-RecSound</subfield>
    <subfield code="h">Love Records LRLP 57</subfield>
    <subfield code="w">MUSIC</subfield>
  </datafield>
</record>