
<record>
  <leader>02112cjm a2200505 a 4500</leader>
  <controlfield tag="001">5731888</controlfield>
  <controlfield tag="005">20200103124632.0</controlfield>
  <controlfield tag="007">sduzsnznnmlned</controlfield>
  <controlfield tag="008">941229p19941991dk uun                   </controlfield>
  <datafield tag="906" ind1=" " ind2=" ">
    <subfield code="a">7</subfield>
    <subfield code="b">cbc</subfield>
    <subfield code="c">orignew</subfield>
    <subfield code="d">3</subfield>
    <subfield code="e">ncip</subfield>
    <subfield code="f">19</subfield>
    <subfield code="g">y-genmusic</subfield>
  </datafield>
  <datafield tag="955" ind1=" " ind2=" ">
    <subfield code="a">vk17 12-27-94</subfield>
  </datafield>
  <datafield tag="955" ind1=" " ind2=" ">
    <subfield code="a">vn00 2005-01-11</subfield>
    <subfield code="e">vl28 2005-01-11 retro CD update to MBRS</subfield>
  </datafield>
  <datafield tag="010" ind1=" " ind2=" ">
    <subfield code="a">   94774823 </subfield>
  </datafield>
  <datafield tag="024" ind1="3" ind2=" ">
    <subfield code="a">4891030240025</subfield>
  </datafield>
  <datafield tag="028" ind1="0" ind2="2">
    <subfield code="a">8.224002</subfield>
    <subfield code="b">Dacapo/Marco Polo</subfield>
  </datafield>
  <datafield tag="033" ind1="0" ind2=" ">
    <subfield code="a">19911018</subfield>
  </datafield>
  <datafield tag="033" ind1="2" ind2=" ">
    <subfield code="a">19940120</subfield>
    <subfield code="a">19940410</subfield>
    <subfield code="b">6924</subfield>
    <subfield code="c">C6</subfield>
  </datafield>
  <datafield tag="035" ind1=" " ind2=" ">
    <subfield code="9">(DLC)   94774823</subfield>
  </datafield>
  <datafield tag="035" ind1=" " ind2=" ">
    <subfield code="a">(OCoLC)31750413</subfield>
  </datafield>
  <datafield tag="040" ind1=" " ind2=" ">
    <subfield code="a">DLC</subfield>
    <subfield code="c">DLC</subfield>
    <subfield code="d">DLC</subfield>
  </datafield>
  <datafield tag="050" ind1="0" ind2="0">
    <subfield code="a">SDB 13307</subfield>
  </datafield>
  <datafield tag="100" ind1="1" ind2=" ">
    <subfield code="a">Koppel, Herman D.</subfield>
    <subfield code="q">(Herman David),</subfield>
    <subfield code="d">1908-1998.</subfield>
  </datafield>
  <datafield tag="240" ind1="1" ind2="0">
    <subfield code="a">Music,</subfield>
    <subfield code="m">oboes (2), clarinets (2), bassoons (2), horns (2),</subfield>
    <subfield code="n">op. 123</subfield>
  </datafield>
  <datafield tag="245" ind1="0" ind2="0">
    <subfield code="a">Wind octet</subfield>
    <subfield code="h">[sound recording] /</subfield>
    <subfield code="c">Koppel. Catch / Werner. Octet for winds op. 34 / Lund Christiansen. Divertimento / Schultz. Seven summerscapes / Graugaard.</subfield>
  </datafield>
  <datafield tag="260" ind1=" " ind2=" ">
    <subfield code="a">Copenhagen :</subfield>
    <subfield code="b">Dacapo/Marco Polo,</subfield>
    <subfield code="c">p1994.</subfield>
  </datafield>
  <datafield tag="300" ind1=" " ind2=" ">
    <subfield code="a">1 sound disc :</subfield>
    <subfield code="b">digital ;</subfield>
    <subfield code="c">4 3/4 in.</subfield>
  </datafield>
  <datafield tag="306" ind1=" " ind2=" ">
    <subfield code="a">000443</subfield>
    <subfield code="a">001152</subfield>
    <subfield code="a">001937</subfield>
    <subfield code="a">001131</subfield>
    <subfield code="a">001208</subfield>
  </datafield>
  <datafield tag="490" ind1="1" ind2=" ">
    <subfield code="a">20th century</subfield>
  </datafield>
  <datafield tag="500" ind1=" " ind2=" ">
    <subfield code="a">For 2 oboes, 2 clarinets, 2 bassoons, and 2 horns.</subfield>
  </datafield>
  <datafield tag="511" ind1="0" ind2=" ">
    <subfield code="a">The Danish Wind Octet.</subfield>
  </datafield>
  <datafield tag="518" ind1=" " ind2=" ">
    <subfield code="a">Recorded Oct. 18, 1991 (4th work) at the Radio House, Studio 2, and Jan. 20, Mar. 20, and Apr. 10, 1994 in Copenhagen.</subfield>
  </datafield>
  <datafield tag="500" ind1=" " ind2=" ">
    <subfield code="a">Compact disc.</subfield>
  </datafield>
  <datafield tag="500" ind1=" " ind2=" ">
    <subfield code="a">Durations: 4:43; 11:52; 19:37; 11:31; 12:08.</subfield>
  </datafield>
  <datafield tag="650" ind1=" " ind2="0">
    <subfield code="a">Wind octets (Bassoons (2), clarinets (2), horns (2), oboes (2))</subfield>
  </datafield>
  <datafield tag="700" ind1="1" ind2="2">
    <subfield code="a">Werner, Sven Erik.</subfield>
    <subfield code="t">Catch.</subfield>
  </datafield>
  <datafield tag="700" ind1="1" ind2="2">
    <subfield code="a">Christiansen, Asger Lund.</subfield>
    <subfield code="t">Octet,</subfield>
    <subfield code="m">oboes (2), clarinets (2), bassoons (2), horns (2),</subfield>
    <subfield code="n">op. 34</subfield>
  </datafield>
  <datafield tag="700" ind1="1" ind2="2">
    <subfield code="a">Schultz, Svend S.,</subfield>
    <subfield code="d">1913-1998.</subfield>
    <subfield code="t">Divertimento,</subfield>
    <subfield code="m">oboes (2), clarinets (2), horns (2), bassoons (2)</subfield>
  </datafield>
  <datafield tag="700" ind1="1" ind2="2">
    <subfield code="a">Graugaard, Lars,</subfield>
    <subfield code="d">1957-</subfield>
    <subfield code="t">Summerscapes.</subfield>
  </datafield>
  <datafield tag="710" ind1="2" ind2=" ">
    <subfield code="a">Danske blæseroktet.</subfield>
    <subfield code="4">prf</subfield>
  </datafield>
  <datafield tag="740" ind1="0" ind2=" ">
    <subfield code="a">Catch.</subfield>
  </datafield>
  <datafield tag="740" ind1="0" ind2=" ">
    <subfield code="a">Seven summerscapes.</subfield>
  </datafield>
  <datafield tag="830" ind1=" " ind2="0">
    <subfield code="a">20th century (Copenhagen, Denmark)</subfield>
  </datafield>
  <datafield tag="953" ind1=" " ind2=" ">
    <subfield code="a">TA28</subfield>
  </datafield>
  <datafield tag="985" ind1=" " ind2=" ">
    <subfield code="a">9412</subfield>
  </datafield>
  <datafield tag="991" ind1=" " ind2=" ">
    <subfield code="b">c-RecSound</subfield>
    <subfield code="h">Dacapo/Marco Polo 8.224002</subfield>
    <subfield code="w">MUSIC</subfield>
  </datafield>
</record>