
<record>
  <leader>00926ccm a22002417a 4500</leader>
  <controlfield tag="001">5733984</controlfield>
  <controlfield tag="005">20200103145238.0</controlfield>
  <controlfield tag="008">950213q19841989ag uua         n         </controlfield>
  <datafield tag="906" ind1=" " ind2=" ">
    <subfield code="a">7</subfield>
    <subfield code="b">cbc</subfield>
    <subfield code="c">orignew</subfield>
    <subfield code="d">4</subfield>
    <subfield code="e">ncip</subfield>
    <subfield code="f">19</subfield>
    <subfield code="g">y-genmusic</subfield>
  </datafield>
  <datafield tag="010" ind1=" " ind2=" ">
    <subfield code="a">   95700264 </subfield>
  </datafield>
  <datafield tag="028" ind1="3" ind2="2">
    <subfield code="a">EAC 155</subfield>
    <subfield code="b">Editorial Argentina de Compositores</subfield>
  </datafield>
  <datafield tag="035" ind1=" " ind2=" ">
    <subfield code="9">(DLC)   95700264</subfield>
  </datafield>
  <datafield tag="040" ind1=" " ind2=" ">
    <subfield code="a">DLC</subfield>
    <subfield code="c">DLC</subfield>
  </datafield>
  <datafield tag="050" ind1="0" ind2="0">
    <subfield code="a">M522.K66</subfield>
    <subfield code="b">M8 1980z</subfield>
  </datafield>
  <datafield tag="100" ind1="1" ind2=" ">
    <subfield code="a">Koc, Marcelo,</subfield>
    <subfield code="d">1918-2006.</subfield>
  </datafield>
  <datafield tag="240" ind1="1" ind2="0">
    <subfield code="a">Music,</subfield>
    <subfield code="m">piano, flute, clarinet, violin, cello,</subfield>
    <subfield code="n">op. 33</subfield>
  </datafield>
  <datafield tag="245" ind1="0" ind2="0">
    <subfield code="a">Música para 5 instrumentos, 1984, flauta, clarinete, violín, violoncello, piano /</subfield>
    <subfield code="c">Marcelo Koc.</subfield>
  </datafield>
  <datafield tag="260" ind1=" " ind2=" ">
    <subfield code="a">Buenos Aires, Argentina :</subfield>
    <subfield code="b">Editorial Argentina de Compositores,</subfield>
    <subfield code="c">[198-]</subfield>
  </datafield>
  <datafield tag="300" ind1=" " ind2=" ">
    <subfield code="a">1 score (17 p.) ;</subfield>
    <subfield code="c">34 cm.</subfield>
  </datafield>
  <datafield tag="500" ind1=" " ind2=" ">
    <subfield code="a">Production level cataloging.</subfield>
  </datafield>
  <datafield tag="650" ind1=" " ind2="0">
    <subfield code="a">Quintets (Piano, clarinet, flute, violin, cello)</subfield>
    <subfield code="x">Scores.</subfield>
  </datafield>
  <datafield tag="953" ind1=" " ind2=" ">
    <subfield code="a">TA28</subfield>
  </datafield>
  <datafield tag="991" ind1=" " ind2=" ">
    <subfield code="b">c-Music</subfield>
    <subfield code="h">M522.K66</subfield>
    <subfield code="i">M8 1980z</subfield>
    <subfield code="t">Copy 1</subfield>
    <subfield code="w">MUSIC</subfield>
  </datafield>
</record>