
<record>
  <leader>02036cjm a22003017a 4500</leader>
  <controlfield tag="001">5736704</controlfield>
  <controlfield tag="005">20200103082850.0</controlfield>
  <controlfield tag="007">sd|fsngnnmmned</controlfield>
  <controlfield tag="008">950629p19941993nz uun              eng  </controlfield>
  <datafield tag="035" ind1=" " ind2=" ">
    <subfield code="9">(DLC)   95703702</subfield>
  </datafield>
  <datafield tag="906" ind1=" " ind2=" ">
    <subfield code="a">7</subfield>
    <subfield code="b">cbc</subfield>
    <subfield code="c">orignew</subfield>
    <subfield code="d">4</subfield>
    <subfield code="e">ncip</subfield>
    <subfield code="f">19</subfield>
    <subfield code="g">y-genmusic</subfield>
  </datafield>
  <datafield tag="955" ind1=" " ind2=" ">
    <subfield code="a">vl25</subfield>
  </datafield>
  <datafield tag="010" ind1=" " ind2=" ">
    <subfield code="a">   95703702 </subfield>
  </datafield>
  <datafield tag="028" ind1="0" ind2="2">
    <subfield code="a">CD MANU 1471</subfield>
    <subfield code="b">Manu</subfield>
  </datafield>
  <datafield tag="040" ind1=" " ind2=" ">
    <subfield code="a">DLC</subfield>
    <subfield code="c">DLC</subfield>
    <subfield code="d">DLC</subfield>
  </datafield>
  <datafield tag="050" ind1="0" ind2="0">
    <subfield code="a">SDD 32413</subfield>
  </datafield>
  <datafield tag="110" ind1="2" ind2=" ">
    <subfield code="a">New Zealand National Youth Choir.</subfield>
    <subfield code="4">prf</subfield>
  </datafield>
  <datafield tag="245" ind1="0" ind2="0">
    <subfield code="a">New Zealand National Youth Choir on tour</subfield>
    <subfield code="h">[sound recording] :</subfield>
    <subfield code="b">North America 1993.</subfield>
  </datafield>
  <datafield tag="260" ind1=" " ind2=" ">
    <subfield code="a">[New Zealand] :</subfield>
    <subfield code="b">Manu ;</subfield>
    <subfield code="a">Auckland :</subfield>
    <subfield code="b">Distributed by Ode Record Co.,</subfield>
    <subfield code="c">p1994.</subfield>
  </datafield>
  <datafield tag="300" ind1=" " ind2=" ">
    <subfield code="a">1 sound disc :</subfield>
    <subfield code="b">digital ;</subfield>
    <subfield code="c">4 3/4 in.</subfield>
  </datafield>
  <datafield tag="511" ind1="0" ind2=" ">
    <subfield code="a">New Zealand National Youth Choir ; Karen Grylls, conductor.</subfield>
  </datafield>
  <datafield tag="518" ind1=" " ind2=" ">
    <subfield code="a">Recorded live in First United Methodist Church, Lubbock, Tex., St Andrews Wesley United Church, Vancouver, and Assembly Hall, Temple Square, Salt Lake City.</subfield>
  </datafield>
  <datafield tag="505" ind1="0" ind2=" ">
    <subfield code="a">Maori call of welcome -- Kua rongo-ngapo (bub) / WEHI -- Frohlocket : op. 79 no. 1 ; Warum toben die Heiden / Felix Mendelssohn -- Beata es Virgo (3 choirs) / Vincenzo Ugolini -- A sound came from heav&apos;n / Douglas Mews -- From Fiove landscapes. Oreti Beach ; On Mt. Iron / David Griffiths -- From Quatre motets. Ubi caritas ; Tota pulchra es ; Tu es Petrus / Maurice Durufle -- From The Greek anthology : op. 45 no. 1. Yea, cast me from heights of the mountains ; Whether I find thee ; After many a dusty mile / Edward Elgar -- Childhood : a poem / Jenny McLoed -- Steal away / arr. Andrew Carter -- Feller from Fortune / arr. Harry Somers -- From Five landscapes. The islands (ii) / David Griffiths -- Ka waiata ki a Maria / arr. Richard Puanaki -- Hine e hine / arr. Diane Cooper -- Minoi minoi / Christopher Marshall -- God defend New Zealand / arr. Guy Jansen.</subfield>
  </datafield>
  <datafield tag="500" ind1=" " ind2=" ">
    <subfield code="a">Production level cataloging.</subfield>
  </datafield>
  <datafield tag="650" ind1=" " ind2="0">
    <subfield code="a">Choruses (Mixed voices), Unaccompanied.</subfield>
  </datafield>
  <datafield tag="700" ind1="1" ind2=" ">
    <subfield code="a">Grylls, Karen L.,</subfield>
    <subfield code="d">1951-</subfield>
    <subfield code="4">cnd</subfield>
  </datafield>
  <datafield tag="953" ind1=" " ind2=" ">
    <subfield code="a">TA28</subfield>
  </datafield>
  <datafield tag="991" ind1=" " ind2=" ">
    <subfield code="b">c-RecSound</subfield>
    <subfield code="h">Manu CD MANU 1471</subfield>
    <subfield code="w">MUSIC</subfield>
  </datafield>
</record>