
<record>
  <leader>02298cjm a2200457 a 4500</leader>
  <controlfield tag="001">5738625</controlfield>
  <controlfield tag="005">20200103144649.0</controlfield>
  <controlfield tag="007">sd|fsngnnmmned</controlfield>
  <controlfield tag="008">951128s1994    be uun                   </controlfield>
  <datafield tag="906" ind1=" " ind2=" ">
    <subfield code="a">7</subfield>
    <subfield code="b">cbc</subfield>
    <subfield code="c">orignew</subfield>
    <subfield code="d">3</subfield>
    <subfield code="e">ncip</subfield>
    <subfield code="f">19</subfield>
    <subfield code="g">y-genmusic</subfield>
  </datafield>
  <datafield tag="010" ind1=" " ind2=" ">
    <subfield code="a">   95706141 </subfield>
  </datafield>
  <datafield tag="028" ind1="0" ind2="2">
    <subfield code="a">CD92 020</subfield>
    <subfield code="b">Vox Temporis Productions</subfield>
  </datafield>
  <datafield tag="033" ind1="0" ind2=" ">
    <subfield code="a">1994----</subfield>
    <subfield code="b">6014</subfield>
    <subfield code="c">G5</subfield>
  </datafield>
  <datafield tag="035" ind1=" " ind2=" ">
    <subfield code="9">(DLC)   95706141</subfield>
  </datafield>
  <datafield tag="040" ind1=" " ind2=" ">
    <subfield code="a">DLC</subfield>
    <subfield code="c">DLC</subfield>
    <subfield code="d">DLC</subfield>
  </datafield>
  <datafield tag="050" ind1="0" ind2="0">
    <subfield code="a">Vox Temporis Productions CD 92 020</subfield>
  </datafield>
  <datafield tag="100" ind1="1" ind2=" ">
    <subfield code="a">Huybrechts, Albert,</subfield>
    <subfield code="d">1899-1938.</subfield>
  </datafield>
  <datafield tag="240" ind1="1" ind2="0">
    <subfield code="a">Chamber music.</subfield>
    <subfield code="k">Selections</subfield>
  </datafield>
  <datafield tag="245" ind1="0" ind2="0">
    <subfield code="a">Chamber music</subfield>
    <subfield code="h">[sound recording].</subfield>
  </datafield>
  <datafield tag="260" ind1=" " ind2=" ">
    <subfield code="a">Merelbeke [Belgium] :</subfield>
    <subfield code="b">Vox Temporis Productions ;</subfield>
    <subfield code="a">Brussels :</subfield>
    <subfield code="b">René Gailly International Productions [distributor],</subfield>
    <subfield code="c">p1994.</subfield>
  </datafield>
  <datafield tag="300" ind1=" " ind2=" ">
    <subfield code="a">1 sound disc :</subfield>
    <subfield code="b">digital ;</subfield>
    <subfield code="c">4 3/4 in.</subfield>
  </datafield>
  <datafield tag="306" ind1=" " ind2=" ">
    <subfield code="a">000832</subfield>
    <subfield code="a">001949</subfield>
    <subfield code="a">001906</subfield>
    <subfield code="a">001432</subfield>
  </datafield>
  <datafield tag="500" ind1=" " ind2=" ">
    <subfield code="a">The 1st work for wind quintet with additional flute/piccolo; the 3rd for piano, flute, oboe, clarinet, and bassoon.</subfield>
  </datafield>
  <datafield tag="511" ind1="0" ind2=" ">
    <subfield code="a">Wind Ensemble Quintessens ; Jan Michiels, piano ; Frank Hendrickx, flute/piccolo ; Filip Verpoest, viola.</subfield>
  </datafield>
  <datafield tag="518" ind1=" " ind2=" ">
    <subfield code="a">Recorded at Studio Steurbaut, Ghent, 1994.</subfield>
  </datafield>
  <datafield tag="500" ind1=" " ind2=" ">
    <subfield code="a">Compact disc.</subfield>
  </datafield>
  <datafield tag="505" ind1="0" ind2=" ">
    <subfield code="a">Sextuor pour instruments à vent (1927) (8:32) -- Trio pour flûte, alto et piano (1926) (19:49) -- Suite pour instruments à vent et piano (1929) (19:06) -- Quintette pour instruments à vent (1936) (14:32).</subfield>
  </datafield>
  <datafield tag="650" ind1=" " ind2="0">
    <subfield code="a">Wind sextets (Bassoon, clarinet, flutes (2), horn, oboe)</subfield>
  </datafield>
  <datafield tag="650" ind1=" " ind2="0">
    <subfield code="a">Trios (Piano, flute, viola)</subfield>
  </datafield>
  <datafield tag="650" ind1=" " ind2="0">
    <subfield code="a">Suites (Piano, bassoon, clarinet, flute, oboe)</subfield>
  </datafield>
  <datafield tag="650" ind1=" " ind2="0">
    <subfield code="a">Wind quintets (Bassoon, clarinet, flute, horn, oboe)</subfield>
  </datafield>
  <datafield tag="700" ind1="1" ind2=" ">
    <subfield code="a">Michiels, Jan,</subfield>
    <subfield code="d">1966-</subfield>
    <subfield code="4">prf</subfield>
  </datafield>
  <datafield tag="700" ind1="1" ind2=" ">
    <subfield code="a">Hendrickx, Frank</subfield>
    <subfield code="c">(Flutist)</subfield>
    <subfield code="4">prf</subfield>
  </datafield>
  <datafield tag="700" ind1="1" ind2=" ">
    <subfield code="a">Verpoest, Filip,</subfield>
    <subfield code="d">1960-</subfield>
    <subfield code="4">prf</subfield>
  </datafield>
  <datafield tag="700" ind1="1" ind2="2">
    <subfield code="a">Huybrechts, Albert,</subfield>
    <subfield code="d">1899-1938.</subfield>
    <subfield code="t">Pastorale,</subfield>
    <subfield code="m">flutes (2), oboe, clarinet, bassoon, horn.</subfield>
  </datafield>
  <datafield tag="700" ind1="1" ind2="2">
    <subfield code="a">Huybrechts, Albert,</subfield>
    <subfield code="d">1899-1938.</subfield>
    <subfield code="t">Trios,</subfield>
    <subfield code="m">piano, flute, viola.</subfield>
  </datafield>
  <datafield tag="700" ind1="1" ind2="2">
    <subfield code="a">Huybrechts, Albert,</subfield>
    <subfield code="d">1899-1938.</subfield>
    <subfield code="t">Suites,</subfield>
    <subfield code="m">piano, flute, oboe, clarinet, bassoon.</subfield>
  </datafield>
  <datafield tag="700" ind1="1" ind2="2">
    <subfield code="a">Huybrechts, Albert,</subfield>
    <subfield code="d">1899-1938.</subfield>
    <subfield code="t">Quintet,</subfield>
    <subfield code="m">flute, oboe, clarinet, horn, bassoon.</subfield>
  </datafield>
  <datafield tag="710" ind1="2" ind2=" ">
    <subfield code="a">Quintessens (Musical group)</subfield>
    <subfield code="4">prf</subfield>
  </datafield>
  <datafield tag="953" ind1=" " ind2=" ">
    <subfield code="a">TA28</subfield>
  </datafield>
  <datafield tag="991" ind1=" " ind2=" ">
    <subfield code="b">c-RecSound</subfield>
    <subfield code="h">Vox Temporis Productions CD 92 020</subfield>
    <subfield code="w">MUSIC</subfield>
  </datafield>
</record>