
<record>
  <leader>00915cjm a22003017a 4500</leader>
  <controlfield tag="001">5760972</controlfield>
  <controlfield tag="005">20200103150551.0</controlfield>
  <controlfield tag="007">sdubsmennmplue</controlfield>
  <controlfield tag="008">950816s1985    nyuuun              eng  </controlfield>
  <datafield tag="906" ind1=" " ind2=" ">
    <subfield code="a">7</subfield>
    <subfield code="b">cbc</subfield>
    <subfield code="c">orignew</subfield>
    <subfield code="d">3</subfield>
    <subfield code="e">ncip</subfield>
    <subfield code="f">19</subfield>
    <subfield code="g">y-genmusic</subfield>
  </datafield>
  <datafield tag="955" ind1=" " ind2=" ">
    <subfield code="a">vn30</subfield>
  </datafield>
  <datafield tag="035" ind1=" " ind2=" ">
    <subfield code="9">(DLC)   95786197</subfield>
  </datafield>
  <datafield tag="010" ind1=" " ind2=" ">
    <subfield code="a">   95786197 </subfield>
  </datafield>
  <datafield tag="028" ind1="0" ind2="0">
    <subfield code="a">SUN 421</subfield>
    <subfield code="b">Sunnyview</subfield>
  </datafield>
  <datafield tag="035" ind1=" " ind2=" ">
    <subfield code="a">(OCoLC)32993320</subfield>
  </datafield>
  <datafield tag="040" ind1=" " ind2=" ">
    <subfield code="a">DLC</subfield>
    <subfield code="c">DLC</subfield>
  </datafield>
  <datafield tag="050" ind1="0" ind2="0">
    <subfield code="a">Sunnyview SUN 421</subfield>
  </datafield>
  <datafield tag="245" ind1="0" ind2="0">
    <subfield code="a">Love is the answer</subfield>
    <subfield code="h">[sound recording].</subfield>
  </datafield>
  <datafield tag="260" ind1=" " ind2=" ">
    <subfield code="a">New York, N.Y. :</subfield>
    <subfield code="b">Sunnyview,</subfield>
    <subfield code="c">p1985.</subfield>
  </datafield>
  <datafield tag="300" ind1=" " ind2=" ">
    <subfield code="a">1 sound disc :</subfield>
    <subfield code="b">analog, 33 1/3 rpm, stereo. ;</subfield>
    <subfield code="c">12 in.</subfield>
  </datafield>
  <datafield tag="511" ind1="0" ind2=" ">
    <subfield code="a">Performed by Jackie Moore.</subfield>
  </datafield>
  <datafield tag="505" ind1="0" ind2=" ">
    <subfield code="a">Love is the answer -- Love is the answer (weekend mix).</subfield>
  </datafield>
  <datafield tag="500" ind1=" " ind2=" ">
    <subfield code="a">Brief record.</subfield>
  </datafield>
  <datafield tag="650" ind1=" " ind2="0">
    <subfield code="a">Soul music.</subfield>
  </datafield>
  <datafield tag="700" ind1="1" ind2=" ">
    <subfield code="a">Moore, Jackie,</subfield>
    <subfield code="d">1946-2019.</subfield>
    <subfield code="4">prf</subfield>
  </datafield>
  <datafield tag="953" ind1=" " ind2=" ">
    <subfield code="a">TA28</subfield>
  </datafield>
  <datafield tag="985" ind1=" " ind2=" ">
    <subfield code="a">9508</subfield>
  </datafield>
  <datafield tag="991" ind1=" " ind2=" ">
    <subfield code="b">c-RecSound</subfield>
    <subfield code="h">Sunnyview SUN 421</subfield>
    <subfield code="w">MUSIC</subfield>
  </datafield>
</record>