
<record>
  <leader>02162cjm a2200505 a 4500</leader>
  <controlfield tag="001">5768196</controlfield>
  <controlfield tag="005">20200103125121.0</controlfield>
  <controlfield tag="007">sd|fsngnnmmned</controlfield>
  <controlfield tag="008">960627p19951994sw syn   ehi             </controlfield>
  <datafield tag="906" ind1=" " ind2=" ">
    <subfield code="a">7</subfield>
    <subfield code="b">cbc</subfield>
    <subfield code="c">orignew</subfield>
    <subfield code="d">3</subfield>
    <subfield code="e">ncip</subfield>
    <subfield code="f">19</subfield>
    <subfield code="g">y-genmusic</subfield>
  </datafield>
  <datafield tag="955" ind1=" " ind2=" ">
    <subfield code="a">vl22 06-27-96</subfield>
  </datafield>
  <datafield tag="955" ind1=" " ind2=" ">
    <subfield code="a">vn00 2004-02-12</subfield>
    <subfield code="e">vn16 2004-02-12 retro CD update to MBRS</subfield>
  </datafield>
  <datafield tag="035" ind1=" " ind2=" ">
    <subfield code="9">(DLC)   96704079</subfield>
  </datafield>
  <datafield tag="010" ind1=" " ind2=" ">
    <subfield code="a">   96704079 </subfield>
  </datafield>
  <datafield tag="024" ind1="1" ind2=" ">
    <subfield code="a">7393808100427</subfield>
  </datafield>
  <datafield tag="028" ind1="0" ind2="2">
    <subfield code="a">IGCD 042</subfield>
    <subfield code="b">Imogena</subfield>
  </datafield>
  <datafield tag="033" ind1="2" ind2=" ">
    <subfield code="a">19940214</subfield>
    <subfield code="a">19940127</subfield>
    <subfield code="b">6954</subfield>
    <subfield code="c">G6</subfield>
  </datafield>
  <datafield tag="040" ind1=" " ind2=" ">
    <subfield code="a">DLC</subfield>
    <subfield code="c">DLC</subfield>
    <subfield code="d">DLC</subfield>
  </datafield>
  <datafield tag="041" ind1="0" ind2=" ">
    <subfield code="g">engswe</subfield>
  </datafield>
  <datafield tag="050" ind1="0" ind2="0">
    <subfield code="a">SDA 89407</subfield>
  </datafield>
  <datafield tag="110" ind1="2" ind2=" ">
    <subfield code="a">GöteborgsMusiken.</subfield>
    <subfield code="4">prf</subfield>
  </datafield>
  <datafield tag="245" ind1="1" ind2="0">
    <subfield code="a">GöteborgsMusiken</subfield>
    <subfield code="h">[sound recording].</subfield>
  </datafield>
  <datafield tag="260" ind1=" " ind2=" ">
    <subfield code="a">Göteborg :</subfield>
    <subfield code="b">Imogena,</subfield>
    <subfield code="c">p1995.</subfield>
  </datafield>
  <datafield tag="300" ind1=" " ind2=" ">
    <subfield code="a">1 sound disc :</subfield>
    <subfield code="b">digital ;</subfield>
    <subfield code="c">4 3/4 in.</subfield>
  </datafield>
  <datafield tag="511" ind1="0" ind2=" ">
    <subfield code="a">Ola Persson, clarinet (2nd work) ; GöteborgsMusiken ; Jerker Johanssen, conductor.</subfield>
  </datafield>
  <datafield tag="518" ind1=" " ind2=" ">
    <subfield code="a">Recorded Jan. 24-27, 1994, Studio 12, Sveriges radio Göteborg.</subfield>
  </datafield>
  <datafield tag="500" ind1=" " ind2=" ">
    <subfield code="a">Compact disc.</subfield>
  </datafield>
  <datafield tag="500" ind1=" " ind2=" ">
    <subfield code="a">Program notes in English and Swedish (12 p. : 2 ports.) in container.</subfield>
  </datafield>
  <datafield tag="505" ind1="0" ind2=" ">
    <subfield code="a">The piper&apos;s wedding / Csaba Deák -- The final death of Orpheus / Thomas Liljeholm -- Hornpipa för blåsare / Sven-Eric Johanson -- Les bateaux s&apos;embrassent / Johnny Grandert -- Sinfonietta ; Stanzas : for brass quintet / Vladimir Kovář -- Kolofon / Peter Hansen.</subfield>
  </datafield>
  <datafield tag="650" ind1=" " ind2="0">
    <subfield code="a">Instrumental ensembles.</subfield>
  </datafield>
  <datafield tag="650" ind1=" " ind2="0">
    <subfield code="a">Clarinet with with instrumental ensemble.</subfield>
  </datafield>
  <datafield tag="650" ind1=" " ind2="0">
    <subfield code="a">Symphonies (Wind ensemble)</subfield>
  </datafield>
  <datafield tag="650" ind1=" " ind2="0">
    <subfield code="a">Brass quintets (Horn, trombone, trumpets (2), tuba)</subfield>
  </datafield>
  <datafield tag="650" ind1=" " ind2="0">
    <subfield code="a">Wind ensembles.</subfield>
  </datafield>
  <datafield tag="700" ind1="1" ind2=" ">
    <subfield code="a">Persson, Ola.</subfield>
    <subfield code="4">prf</subfield>
  </datafield>
  <datafield tag="700" ind1="1" ind2=" ">
    <subfield code="a">Johansson, Jerker.</subfield>
    <subfield code="4">prf</subfield>
  </datafield>
  <datafield tag="700" ind1="1" ind2="2">
    <subfield code="a">Deák, Csaba,</subfield>
    <subfield code="d">1932-2018.</subfield>
    <subfield code="t">Piper&apos;s wedding.</subfield>
  </datafield>
  <datafield tag="700" ind1="1" ind2="2">
    <subfield code="a">Liljeholm, Thomas,</subfield>
    <subfield code="d">1944-</subfield>
    <subfield code="t">Final death of Orpheus.</subfield>
  </datafield>
  <datafield tag="700" ind1="1" ind2="2">
    <subfield code="a">Johanson, Sven-Eric,</subfield>
    <subfield code="d">1919-1997.</subfield>
    <subfield code="t">Hornpipa.</subfield>
  </datafield>
  <datafield tag="700" ind1="1" ind2="2">
    <subfield code="a">Grandert, J.</subfield>
    <subfield code="q">(Johnny),</subfield>
    <subfield code="d">1939-</subfield>
    <subfield code="t">Bateaux s&apos;embrassent.</subfield>
  </datafield>
  <datafield tag="700" ind1="1" ind2="2">
    <subfield code="a">Kovář, Vladimir,</subfield>
    <subfield code="d">1947-</subfield>
    <subfield code="t">Sinfonietta,</subfield>
    <subfield code="m">winds.</subfield>
  </datafield>
  <datafield tag="700" ind1="1" ind2="2">
    <subfield code="a">Kovář, Vladimir,</subfield>
    <subfield code="d">1947-</subfield>
    <subfield code="t">Stanzas.</subfield>
  </datafield>
  <datafield tag="700" ind1="1" ind2="2">
    <subfield code="a">Hansen, Peter,</subfield>
    <subfield code="d">1958-</subfield>
    <subfield code="t">Kolofon.</subfield>
  </datafield>
  <datafield tag="953" ind1=" " ind2=" ">
    <subfield code="a">TA28</subfield>
  </datafield>
  <datafield tag="991" ind1=" " ind2=" ">
    <subfield code="b">c-RecSound</subfield>
    <subfield code="h">Imogena IGCD 042</subfield>
    <subfield code="w">MUSIC</subfield>
  </datafield>
</record>