
<record>
  <leader>01517ccm a2200325 a 4500</leader>
  <controlfield tag="001">5781704</controlfield>
  <controlfield tag="005">20200103130159.0</controlfield>
  <controlfield tag="008">960628s1991    sz uua         n        d</controlfield>
  <datafield tag="906" ind1=" " ind2=" ">
    <subfield code="a">7</subfield>
    <subfield code="b">cbc</subfield>
    <subfield code="c">copycat</subfield>
    <subfield code="d">3</subfield>
    <subfield code="e">ncip</subfield>
    <subfield code="f">19</subfield>
    <subfield code="g">y-genmusic</subfield>
  </datafield>
  <datafield tag="955" ind1=" " ind2=" ">
    <subfield code="a">vk17 05-20-97; vn34 08-05-97</subfield>
  </datafield>
  <datafield tag="035" ind1=" " ind2=" ">
    <subfield code="9">(DLC)   97702664</subfield>
  </datafield>
  <datafield tag="010" ind1=" " ind2=" ">
    <subfield code="a">   97702664 </subfield>
  </datafield>
  <datafield tag="028" ind1="2" ind2="2">
    <subfield code="a">BIM CO 39b</subfield>
    <subfield code="b">Editions Bim</subfield>
  </datafield>
  <datafield tag="035" ind1=" " ind2=" ">
    <subfield code="a">(OCoLC)35005558</subfield>
  </datafield>
  <datafield tag="040" ind1=" " ind2=" ">
    <subfield code="a">GU</subfield>
    <subfield code="c">GU</subfield>
    <subfield code="d">DLC</subfield>
  </datafield>
  <datafield tag="042" ind1=" " ind2=" ">
    <subfield code="a">lccopycat</subfield>
  </datafield>
  <datafield tag="048" ind1=" " ind2=" ">
    <subfield code="b">wa01</subfield>
    <subfield code="b">wb01</subfield>
    <subfield code="b">ba01</subfield>
    <subfield code="b">wd01</subfield>
    <subfield code="a">oa</subfield>
  </datafield>
  <datafield tag="050" ind1="0" ind2="0">
    <subfield code="a">M1040.D48</subfield>
    <subfield code="b">S5 F maj. 1991</subfield>
  </datafield>
  <datafield tag="100" ind1="1" ind2=" ">
    <subfield code="a">Devienne, François,</subfield>
    <subfield code="d">1759-1803.</subfield>
  </datafield>
  <datafield tag="240" ind1="1" ind2="0">
    <subfield code="a">Sinfonies concertantes,</subfield>
    <subfield code="m">flute, oboe, horn, bassoon, orchestra,</subfield>
    <subfield code="r">F major</subfield>
    <subfield code="n">(approximately 1797)</subfield>
  </datafield>
  <datafield tag="245" ind1="0" ind2="0">
    <subfield code="a">2ème symphonie concertante en Fa majeur :</subfield>
    <subfield code="b">pour flûte, hautbois, basson, cor et orchestre = für Flöte, Fagott, Horn und Orchester = for flute, oboe, bassoon, horn and orchestra /</subfield>
    <subfield code="c">François Devienne ; reconstitution, Bernard Chapron.</subfield>
  </datafield>
  <datafield tag="260" ind1=" " ind2=" ">
    <subfield code="a">Bulle, Switzerland :</subfield>
    <subfield code="b">Editions Bim,</subfield>
    <subfield code="c">c1991.</subfield>
  </datafield>
  <datafield tag="300" ind1=" " ind2=" ">
    <subfield code="a">1 score (124 p.) ;</subfield>
    <subfield code="c">30 cm.</subfield>
  </datafield>
  <datafield tag="306" ind1=" " ind2=" ">
    <subfield code="a">002425</subfield>
  </datafield>
  <datafield tag="500" ind1=" " ind2=" ">
    <subfield code="a">[The present work is the 2nd of two sinfonies concertantes by Devienne for this combination of instruments in the key of F major, both which lack serial or opus numbering; the earlier work dates from ca. 1791. Cf. New Grove].</subfield>
  </datafield>
  <datafield tag="500" ind1=" " ind2=" ">
    <subfield code="a">Duration: ca. 24:25.</subfield>
  </datafield>
  <datafield tag="650" ind1=" " ind2="0">
    <subfield code="a">Bassoon, flute, horn, oboe with orchestra</subfield>
    <subfield code="x">Scores.</subfield>
  </datafield>
  <datafield tag="700" ind1="1" ind2=" ">
    <subfield code="a">Chapron, Bernard.</subfield>
  </datafield>
  <datafield tag="953" ind1=" " ind2=" ">
    <subfield code="a">TA28</subfield>
  </datafield>
  <datafield tag="991" ind1=" " ind2=" ">
    <subfield code="b">c-Music</subfield>
    <subfield code="h">M1040.D48</subfield>
    <subfield code="i">S5 F maj. 1991</subfield>
    <subfield code="t">Copy 1</subfield>
    <subfield code="w">MUSIC</subfield>
  </datafield>
</record>