
<record>
  <leader>01235cjm a2200313 a 4500</leader>
  <controlfield tag="001">5789211</controlfield>
  <controlfield tag="005">20200103152133.0</controlfield>
  <controlfield tag="007">sd|bmmdnnmplue</controlfield>
  <controlfield tag="008">980213s195u    xr sun                   </controlfield>
  <datafield tag="906" ind1=" " ind2=" ">
    <subfield code="a">7</subfield>
    <subfield code="b">cbc</subfield>
    <subfield code="c">orignew</subfield>
    <subfield code="d">3</subfield>
    <subfield code="e">ncip</subfield>
    <subfield code="f">19</subfield>
    <subfield code="g">y-genmusic</subfield>
  </datafield>
  <datafield tag="955" ind1=" " ind2=" ">
    <subfield code="a">vk09 02-13-98</subfield>
  </datafield>
  <datafield tag="010" ind1=" " ind2=" ">
    <subfield code="a">   98700741 </subfield>
  </datafield>
  <datafield tag="028" ind1="0" ind2="2">
    <subfield code="a">LPM 385</subfield>
    <subfield code="b">Supraphon</subfield>
  </datafield>
  <datafield tag="035" ind1=" " ind2=" ">
    <subfield code="9">(DLC)   98700741</subfield>
  </datafield>
  <datafield tag="040" ind1=" " ind2=" ">
    <subfield code="a">DLC</subfield>
    <subfield code="c">DLC</subfield>
    <subfield code="d">DLC</subfield>
  </datafield>
  <datafield tag="050" ind1="0" ind2="0">
    <subfield code="a">Supraphon LPM 385</subfield>
  </datafield>
  <datafield tag="100" ind1="1" ind2=" ">
    <subfield code="a">Zich, Otakar,</subfield>
    <subfield code="d">1879-1934.</subfield>
  </datafield>
  <datafield tag="240" ind1="1" ind2="0">
    <subfield code="a">Nonet,</subfield>
    <subfield code="m">flute, oboe, clarinet, horn, bassoon, violin, viola, cello, double bass,</subfield>
    <subfield code="r">F minor</subfield>
  </datafield>
  <datafield tag="245" ind1="0" ind2="0">
    <subfield code="a">Nonet in F minor</subfield>
    <subfield code="h">[sound recording] =</subfield>
    <subfield code="b">Nonett f-Moll /</subfield>
    <subfield code="c">Otakar Zich.</subfield>
  </datafield>
  <datafield tag="246" ind1="1" ind2=" ">
    <subfield code="i">Title on container:</subfield>
    <subfield code="a">Chod suite</subfield>
  </datafield>
  <datafield tag="260" ind1=" " ind2=" ">
    <subfield code="a">[Prague] :</subfield>
    <subfield code="b">Supraphon,</subfield>
    <subfield code="c">[195-?]</subfield>
  </datafield>
  <datafield tag="300" ind1=" " ind2=" ">
    <subfield code="a">1 sound disc :</subfield>
    <subfield code="b">analog, 33 1/3 rpm ;</subfield>
    <subfield code="c">10 in.</subfield>
  </datafield>
  <datafield tag="500" ind1=" " ind2=" ">
    <subfield code="a">Arr. by Jaroslav Zich for flute, oboe, clarinet, horn, bassoon, violin, viola, violoncello, and double bass; originally for 8 instruments.</subfield>
  </datafield>
  <datafield tag="511" ind1="0" ind2=" ">
    <subfield code="a">Czech Nonet.</subfield>
  </datafield>
  <datafield tag="650" ind1=" " ind2="0">
    <subfield code="a">Suites (Bassoon, clarinet, flute, horn, oboe, violin, viola, cello, double bass), Arranged.</subfield>
  </datafield>
  <datafield tag="700" ind1="1" ind2=" ">
    <subfield code="a">Zich, Jaroslav.</subfield>
    <subfield code="4">arr</subfield>
  </datafield>
  <datafield tag="710" ind1="2" ind2=" ">
    <subfield code="a">České noneto.</subfield>
    <subfield code="4">prf</subfield>
  </datafield>
  <datafield tag="953" ind1=" " ind2=" ">
    <subfield code="a">TA28</subfield>
  </datafield>
  <datafield tag="991" ind1=" " ind2=" ">
    <subfield code="b">c-RecSound</subfield>
    <subfield code="h">Supraphon LPM 385</subfield>
    <subfield code="w">MUSIC</subfield>
  </datafield>
</record>