
<record>
  <leader>01528cjm a2200373 a 4500</leader>
  <controlfield tag="001">5790535</controlfield>
  <controlfield tag="005">20200103145445.0</controlfield>
  <controlfield tag="007">sd|bmmennmplue</controlfield>
  <controlfield tag="008">980422s196u    ag uun                   </controlfield>
  <datafield tag="906" ind1=" " ind2=" ">
    <subfield code="a">7</subfield>
    <subfield code="b">cbc</subfield>
    <subfield code="c">orignew</subfield>
    <subfield code="d">3</subfield>
    <subfield code="e">ncip</subfield>
    <subfield code="f">19</subfield>
    <subfield code="g">y-genmusic</subfield>
  </datafield>
  <datafield tag="955" ind1=" " ind2=" ">
    <subfield code="a">vk08 04-22-98</subfield>
  </datafield>
  <datafield tag="035" ind1=" " ind2=" ">
    <subfield code="9">(DLC)   98702451</subfield>
  </datafield>
  <datafield tag="010" ind1=" " ind2=" ">
    <subfield code="a">   98702451 </subfield>
  </datafield>
  <datafield tag="028" ind1="0" ind2="2">
    <subfield code="a">CID 55</subfield>
    <subfield code="b">Club Internacional del Disco</subfield>
  </datafield>
  <datafield tag="040" ind1=" " ind2=" ">
    <subfield code="a">DLC</subfield>
    <subfield code="c">DLC</subfield>
  </datafield>
  <datafield tag="050" ind1="0" ind2="0">
    <subfield code="a">Club Internacional del Disco CID 55</subfield>
  </datafield>
  <datafield tag="100" ind1="1" ind2=" ">
    <subfield code="a">Zulueta, Jorge.</subfield>
    <subfield code="4">prf</subfield>
  </datafield>
  <datafield tag="245" ind1="1" ind2="0">
    <subfield code="a">Obras para piano</subfield>
    <subfield code="h">[sound recording].</subfield>
  </datafield>
  <datafield tag="260" ind1=" " ind2=" ">
    <subfield code="a">Buenos Aires, Argentina :</subfield>
    <subfield code="b">Club Internacional del Disco,</subfield>
    <subfield code="c">[196-?]</subfield>
  </datafield>
  <datafield tag="300" ind1=" " ind2=" ">
    <subfield code="a">1 sound disc :</subfield>
    <subfield code="b">analog, 33 1/3 rpm ;</subfield>
    <subfield code="c">12 in.</subfield>
  </datafield>
  <datafield tag="440" ind1=" " ind2="0">
    <subfield code="a">Serie Jóvenes compositores de la Argentina</subfield>
  </datafield>
  <datafield tag="500" ind1=" " ind2=" ">
    <subfield code="a">Title from container.</subfield>
  </datafield>
  <datafield tag="511" ind1="0" ind2=" ">
    <subfield code="a">Jorge Zulueta, piano.</subfield>
  </datafield>
  <datafield tag="505" ind1="0" ind2=" ">
    <subfield code="a">Música para piano 1960 / Marcel Koc -- Sonatina / Werner Wagner -- 60 / Armando Krieger -- Tríptico / Alcides Lanza -- Sonatina / Augusto Rattenbach -- Dos preludios / Eduardo Tejeda.</subfield>
  </datafield>
  <datafield tag="650" ind1=" " ind2="0">
    <subfield code="a">Piano music.</subfield>
  </datafield>
  <datafield tag="650" ind1=" " ind2="0">
    <subfield code="a">Sonatas (Piano)</subfield>
  </datafield>
  <datafield tag="700" ind1="1" ind2="2">
    <subfield code="a">Koc, Marcelo,</subfield>
    <subfield code="d">1918-2006.</subfield>
    <subfield code="t">Music,</subfield>
    <subfield code="m">piano,</subfield>
    <subfield code="n">op. 19.</subfield>
  </datafield>
  <datafield tag="700" ind1="1" ind2="2">
    <subfield code="a">Wagner, Werner,</subfield>
    <subfield code="d">1927-</subfield>
    <subfield code="t">Sonatina,</subfield>
    <subfield code="m">piano.</subfield>
  </datafield>
  <datafield tag="700" ind1="1" ind2="2">
    <subfield code="a">Krieger, Armando,</subfield>
    <subfield code="d">1940-</subfield>
    <subfield code="t">60.</subfield>
  </datafield>
  <datafield tag="700" ind1="1" ind2="2">
    <subfield code="a">Lanza, Alcides.</subfield>
    <subfield code="t">Tríptico.</subfield>
  </datafield>
  <datafield tag="700" ind1="1" ind2="2">
    <subfield code="a">Rattenbach, Augusto B.</subfield>
    <subfield code="q">(Augusto Benjamín),</subfield>
    <subfield code="d">1927-</subfield>
    <subfield code="t">Sonatinas,</subfield>
    <subfield code="m">piano,</subfield>
    <subfield code="n">no. 1.</subfield>
  </datafield>
  <datafield tag="700" ind1="1" ind2="2">
    <subfield code="a">Tejeda, Eduardo E.</subfield>
    <subfield code="t">Preludes,</subfield>
    <subfield code="m">piano.</subfield>
  </datafield>
  <datafield tag="953" ind1=" " ind2=" ">
    <subfield code="a">TA28</subfield>
  </datafield>
  <datafield tag="991" ind1=" " ind2=" ">
    <subfield code="b">c-RecSound</subfield>
    <subfield code="h">Club Internacional del Disco CID 55</subfield>
    <subfield code="w">MUSIC</subfield>
  </datafield>
</record>