
<record>
  <leader>01459cjm a2200313 a 4500</leader>
  <controlfield tag="001">5795130</controlfield>
  <controlfield tag="005">20200103131326.0</controlfield>
  <controlfield tag="007">sd|bsmennmplue</controlfield>
  <controlfield tag="008">981022s197u    gw uun                   </controlfield>
  <datafield tag="906" ind1=" " ind2=" ">
    <subfield code="a">7</subfield>
    <subfield code="b">cbc</subfield>
    <subfield code="c">orignew</subfield>
    <subfield code="d">3</subfield>
    <subfield code="e">ncip</subfield>
    <subfield code="f">19</subfield>
    <subfield code="g">y-genmusic</subfield>
  </datafield>
  <datafield tag="955" ind1=" " ind2=" ">
    <subfield code="a">vk09 10-22-98</subfield>
  </datafield>
  <datafield tag="010" ind1=" " ind2=" ">
    <subfield code="a">   98708178 </subfield>
    <subfield code="z">   79760103 </subfield>
    <subfield code="z">   79760104 </subfield>
  </datafield>
  <datafield tag="028" ind1="0" ind2="2">
    <subfield code="a">Colos M St 101</subfield>
    <subfield code="b">Colosseum</subfield>
  </datafield>
  <datafield tag="035" ind1=" " ind2=" ">
    <subfield code="9">(DLC)   98708178</subfield>
  </datafield>
  <datafield tag="040" ind1=" " ind2=" ">
    <subfield code="a">DLC</subfield>
    <subfield code="c">DLC</subfield>
    <subfield code="d">DLC</subfield>
  </datafield>
  <datafield tag="050" ind1="0" ind2="0">
    <subfield code="a">Colosseum Colos/MST 101</subfield>
  </datafield>
  <datafield tag="100" ind1="1" ind2=" ">
    <subfield code="a">Beethoven, Ludwig van,</subfield>
    <subfield code="d">1770-1827.</subfield>
  </datafield>
  <datafield tag="240" ind1="1" ind2="0">
    <subfield code="a">Septet,</subfield>
    <subfield code="m">clarinet, bassoon, horn, violin, viola, cello, double bass,</subfield>
    <subfield code="n">op. 20,</subfield>
    <subfield code="r">E♭ major</subfield>
  </datafield>
  <datafield tag="245" ind1="0" ind2="0">
    <subfield code="a">Septett op. 20</subfield>
    <subfield code="h">[sound recording] /</subfield>
    <subfield code="c">Ludwig van Beethoven. Nonett / Harald Genzmer.</subfield>
  </datafield>
  <datafield tag="260" ind1=" " ind2=" ">
    <subfield code="a">[Germany] :</subfield>
    <subfield code="b">Colosseum,</subfield>
    <subfield code="c">[197-?]</subfield>
  </datafield>
  <datafield tag="300" ind1=" " ind2=" ">
    <subfield code="a">1 sound disc :</subfield>
    <subfield code="b">analog, 33 1/3 rpm, stereo. ;</subfield>
    <subfield code="c">12 in.</subfield>
  </datafield>
  <datafield tag="500" ind1=" " ind2=" ">
    <subfield code="a">The 1st work for violin, viola, clarinet, bassoon, horn, violoncello, and double bass; the 2nd for oboe, clarinet, bassoon, horn, string quartet, and double bass.</subfield>
  </datafield>
  <datafield tag="511" ind1="0" ind2=" ">
    <subfield code="a">Münchner Nonett.</subfield>
  </datafield>
  <datafield tag="650" ind1=" " ind2="0">
    <subfield code="a">Septets (Bassoon, clarinet, horn, violin, viola, cello, double bass)</subfield>
  </datafield>
  <datafield tag="650" ind1=" " ind2="0">
    <subfield code="a">Nonets (Bassoon, clarinet, horn, oboe, violins (2), viola, cello, double bass)</subfield>
  </datafield>
  <datafield tag="700" ind1="1" ind2="2">
    <subfield code="a">Genzmer, Harald,</subfield>
    <subfield code="d">1909-2007.</subfield>
    <subfield code="t">Nonet,</subfield>
    <subfield code="m">oboe, clarinet, bassoon, horn, violins (2), viola, cello, double bass.</subfield>
  </datafield>
  <datafield tag="710" ind1="2" ind2=" ">
    <subfield code="a">Münchner Nonett.</subfield>
    <subfield code="4">prf</subfield>
  </datafield>
  <datafield tag="953" ind1=" " ind2=" ">
    <subfield code="a">TA28</subfield>
  </datafield>
  <datafield tag="991" ind1=" " ind2=" ">
    <subfield code="b">c-RecSound</subfield>
    <subfield code="h">Colosseum Colos/MST 101</subfield>
    <subfield code="w">MUSIC</subfield>
  </datafield>
</record>