
<record>
  <leader>01638cjm a22003977a 4500</leader>
  <controlfield tag="001">5795439</controlfield>
  <controlfield tag="005">20200103125241.0</controlfield>
  <controlfield tag="007">sd|bsmennmplue</controlfield>
  <controlfield tag="008">981105s197u    sw con                   </controlfield>
  <datafield tag="906" ind1=" " ind2=" ">
    <subfield code="a">7</subfield>
    <subfield code="b">cbc</subfield>
    <subfield code="c">orignew</subfield>
    <subfield code="d">4</subfield>
    <subfield code="e">ncip</subfield>
    <subfield code="f">19</subfield>
    <subfield code="g">y-genmusic</subfield>
  </datafield>
  <datafield tag="955" ind1=" " ind2=" ">
    <subfield code="a">vl23 11-09-98</subfield>
  </datafield>
  <datafield tag="010" ind1=" " ind2=" ">
    <subfield code="a">   98708561 </subfield>
  </datafield>
  <datafield tag="028" ind1="0" ind2="2">
    <subfield code="a">LPRP 2</subfield>
    <subfield code="b">Expo Norr</subfield>
  </datafield>
  <datafield tag="035" ind1=" " ind2=" ">
    <subfield code="9">(DLC)   98708561</subfield>
  </datafield>
  <datafield tag="040" ind1=" " ind2=" ">
    <subfield code="a">DLC</subfield>
    <subfield code="c">DLC</subfield>
    <subfield code="d">DLC</subfield>
  </datafield>
  <datafield tag="050" ind1="0" ind2="0">
    <subfield code="a">Expo Norr LPRP 2</subfield>
  </datafield>
  <datafield tag="245" ind1="0" ind2="0">
    <subfield code="a">Regionmusik</subfield>
    <subfield code="h">[sound recording].</subfield>
  </datafield>
  <datafield tag="260" ind1=" " ind2=" ">
    <subfield code="a">[Sweden] :</subfield>
    <subfield code="b">Expo Norr,</subfield>
    <subfield code="c">[197-?]</subfield>
  </datafield>
  <datafield tag="300" ind1=" " ind2=" ">
    <subfield code="a">1 sound disc :</subfield>
    <subfield code="b">analog, 33 1/3 rpm, stereo., mono. ;</subfield>
    <subfield code="c">12 in.</subfield>
  </datafield>
  <datafield tag="490" ind1="0" ind2=" ">
    <subfield code="a">Reportage</subfield>
  </datafield>
  <datafield tag="511" ind1="0" ind2=" ">
    <subfield code="a">Ensemble from the Musikhögskolan, conducted by the composer (1st work); Musikkåren i Sollefteå, Per-Erik Bengtsson, conductor (2nd work); Janos Solyom, piano, Militärmusiken i Stockholm, Bertil Wiklander, conductor (3rd work).</subfield>
  </datafield>
  <datafield tag="505" ind1="0" ind2=" ">
    <subfield code="a">Ljudposter / Siegfried Naumann -- I 21 / Czaba [sic] Deak -- Pianokonsert nr 3 (1970) / Erland von Koch.</subfield>
  </datafield>
  <datafield tag="500" ind1=" " ind2=" ">
    <subfield code="a">Production level cataloging.</subfield>
  </datafield>
  <datafield tag="650" ind1=" " ind2="0">
    <subfield code="a">Instrumental music.</subfield>
  </datafield>
  <datafield tag="650" ind1=" " ind2="0">
    <subfield code="a">Concertos (Piano with band)</subfield>
  </datafield>
  <datafield tag="700" ind1="1" ind2=" ">
    <subfield code="a">Bengtsson, Per-Erik.</subfield>
    <subfield code="4">cnd</subfield>
  </datafield>
  <datafield tag="700" ind1="1" ind2=" ">
    <subfield code="a">Solyom, Janos,</subfield>
    <subfield code="d">1938-</subfield>
    <subfield code="4">prf</subfield>
  </datafield>
  <datafield tag="700" ind1="1" ind2=" ">
    <subfield code="a">Wiklander, Bertil,</subfield>
    <subfield code="d">1909-</subfield>
    <subfield code="4">cnd</subfield>
  </datafield>
  <datafield tag="700" ind1="1" ind2="2">
    <subfield code="a">Naumann, Siegfried,</subfield>
    <subfield code="d">1919-2001.</subfield>
    <subfield code="t">Ljudposter.</subfield>
  </datafield>
  <datafield tag="700" ind1="1" ind2="2">
    <subfield code="a">Deák, Csaba,</subfield>
    <subfield code="d">1932-2018.</subfield>
    <subfield code="t">I 21.</subfield>
  </datafield>
  <datafield tag="700" ind1="1" ind2="2">
    <subfield code="a">Koch, Erland von,</subfield>
    <subfield code="d">1910-2009.</subfield>
    <subfield code="t">Concertos,</subfield>
    <subfield code="m">piano,</subfield>
    <subfield code="n">no. 3.</subfield>
  </datafield>
  <datafield tag="710" ind1="2" ind2=" ">
    <subfield code="a">Musikhögskolan i Stockholm.</subfield>
    <subfield code="4">prf</subfield>
  </datafield>
  <datafield tag="710" ind1="2" ind2=" ">
    <subfield code="a">Musikkåren i Sollefteå.</subfield>
    <subfield code="4">prf</subfield>
  </datafield>
  <datafield tag="710" ind1="2" ind2=" ">
    <subfield code="a">Militärmusiken i Stockholm.</subfield>
    <subfield code="4">prf</subfield>
  </datafield>
  <datafield tag="953" ind1=" " ind2=" ">
    <subfield code="a">TA28</subfield>
  </datafield>
  <datafield tag="991" ind1=" " ind2=" ">
    <subfield code="b">c-RecSound</subfield>
    <subfield code="h">Expo Norr LPRP 2</subfield>
    <subfield code="w">MUSIC</subfield>
  </datafield>
</record>