
<record>
  <leader>01431cem a2200373 i 4500</leader>
  <controlfield tag="001">5824203</controlfield>
  <controlfield tag="005">20200103092320.0</controlfield>
  <controlfield tag="007">ad canzn</controlfield>
  <controlfield tag="008">810403t19571957sp abg    e     0   spa  </controlfield>
  <datafield tag="906" ind1=" " ind2=" ">
    <subfield code="a">7</subfield>
    <subfield code="b">cbc</subfield>
    <subfield code="c">orignew</subfield>
    <subfield code="d">u</subfield>
    <subfield code="e">ncip</subfield>
    <subfield code="f">20</subfield>
    <subfield code="g">y-geogmaps</subfield>
  </datafield>
  <datafield tag="925" ind1="0" ind2=" ">
    <subfield code="a">acquire</subfield>
    <subfield code="b">1 shelf copy</subfield>
    <subfield code="x">policy default</subfield>
  </datafield>
  <datafield tag="955" ind1=" " ind2=" ">
    <subfield code="i">ga36 2018-05-31 NEW INPUT</subfield>
    <subfield code="w">xm08 2018-07-12 (OT);</subfield>
    <subfield code="r">ga39 2018-12-14</subfield>
  </datafield>
  <datafield tag="010" ind1=" " ind2=" ">
    <subfield code="a">map59000804 </subfield>
  </datafield>
  <datafield tag="034" ind1="0" ind2=" ">
    <subfield code="a">a</subfield>
  </datafield>
  <datafield tag="040" ind1=" " ind2=" ">
    <subfield code="a">DLC</subfield>
    <subfield code="b">eng</subfield>
    <subfield code="e">rda</subfield>
    <subfield code="c">CarP</subfield>
    <subfield code="d">DLC</subfield>
  </datafield>
  <datafield tag="043" ind1=" " ind2=" ">
    <subfield code="a">e-sp---</subfield>
  </datafield>
  <datafield tag="050" ind1="0" ind2="0">
    <subfield code="a">G1019</subfield>
    <subfield code="b">.B687 1957</subfield>
  </datafield>
  <datafield tag="052" ind1=" " ind2=" ">
    <subfield code="a">3200</subfield>
  </datafield>
  <datafield tag="082" ind1="0" ind2="0">
    <subfield code="a">912.46</subfield>
    <subfield code="2">23</subfield>
  </datafield>
  <datafield tag="110" ind1="2" ind2=" ">
    <subfield code="a">Bosch Casa Editorial,</subfield>
    <subfield code="e">cartographer.</subfield>
  </datafield>
  <datafield tag="245" ind1="1" ind2="0">
    <subfield code="a">Atlas geográfico mundial y especial de España :</subfield>
    <subfield code="c">74 láminas originales en colores con 224 mapas y diagramas de geografía física, política y económica, ajustados a le enseñanza media y profesional.</subfield>
  </datafield>
  <datafield tag="246" ind1="3" ind2=" ">
    <subfield code="a">Bosch atlas geográfico mundial y especial de España</subfield>
  </datafield>
  <datafield tag="255" ind1=" " ind2=" ">
    <subfield code="a">Scales differ.</subfield>
  </datafield>
  <datafield tag="264" ind1=" " ind2="1">
    <subfield code="a">Barcelona :</subfield>
    <subfield code="b">Bosch Casa Editorial,</subfield>
    <subfield code="c">[1957]</subfield>
  </datafield>
  <datafield tag="264" ind1=" " ind2="4">
    <subfield code="c">Copyright 1957</subfield>
  </datafield>
  <datafield tag="300" ind1=" " ind2=" ">
    <subfield code="a">1 atlas (74 leaves) :</subfield>
    <subfield code="b">color maps ;</subfield>
    <subfield code="c">37 cm</subfield>
  </datafield>
  <datafield tag="336" ind1=" " ind2=" ">
    <subfield code="a">cartographic image</subfield>
    <subfield code="b">cri</subfield>
    <subfield code="2">rdacontent</subfield>
  </datafield>
  <datafield tag="337" ind1=" " ind2=" ">
    <subfield code="a">unmediated</subfield>
    <subfield code="b">n</subfield>
    <subfield code="2">rdamedia</subfield>
  </datafield>
  <datafield tag="338" ind1=" " ind2=" ">
    <subfield code="a">volume</subfield>
    <subfield code="b">nc</subfield>
    <subfield code="2">rdacarrier</subfield>
  </datafield>
  <datafield tag="500" ind1=" " ind2=" ">
    <subfield code="a">Relief shown by contours, shading, and spot heights.</subfield>
  </datafield>
  <datafield tag="650" ind1=" " ind2="0">
    <subfield code="a">Atlases</subfield>
    <subfield code="z">Spain.</subfield>
  </datafield>
  <datafield tag="655" ind1=" " ind2="7">
    <subfield code="a">World atlases.</subfield>
    <subfield code="2">lcgft</subfield>
  </datafield>
  <datafield tag="985" ind1=" " ind2=" ">
    <subfield code="e">ATLAS MIG</subfield>
  </datafield>
  <datafield tag="991" ind1=" " ind2=" ">
    <subfield code="b">c-GenColl</subfield>
    <subfield code="h">G1019</subfield>
    <subfield code="i">.B687 1957 (Map)</subfield>
    <subfield code="t">Copy 1</subfield>
    <subfield code="w">PREM</subfield>
  </datafield>
</record>