
<record>
  <leader>01476cam a22003013u 4500</leader>
  <controlfield tag="001">5870471</controlfield>
  <controlfield tag="005">20200103141647.0</controlfield>
  <controlfield tag="008">820521m18291835pau           000 0 eng  </controlfield>
  <datafield tag="906" ind1=" " ind2=" ">
    <subfield code="a">7</subfield>
    <subfield code="b">cbc</subfield>
    <subfield code="c">premunv</subfield>
    <subfield code="d">u</subfield>
    <subfield code="e">ncip</subfield>
    <subfield code="f">19</subfield>
    <subfield code="g">y-gencatlg</subfield>
  </datafield>
  <datafield tag="010" ind1=" " ind2=" ">
    <subfield code="a">   07008878 </subfield>
  </datafield>
  <datafield tag="035" ind1=" " ind2=" ">
    <subfield code="9">(DLC)   07008878</subfield>
  </datafield>
  <datafield tag="040" ind1=" " ind2=" ">
    <subfield code="a">DLC</subfield>
    <subfield code="b">eng</subfield>
    <subfield code="c">CarP</subfield>
    <subfield code="d">DLC</subfield>
  </datafield>
  <datafield tag="050" ind1="0" ind2="0">
    <subfield code="a">AE5</subfield>
    <subfield code="b">.E296</subfield>
  </datafield>
  <datafield tag="051" ind1=" " ind2=" ">
    <subfield code="a">AE5</subfield>
    <subfield code="b">.E297</subfield>
  </datafield>
  <datafield tag="051" ind1=" " ind2=" ">
    <subfield code="a">AE5</subfield>
    <subfield code="b">.E296 Suppl.</subfield>
    <subfield code="c">Supplementary volume ... vol. XIV.   Ed. by Henry Vethake ...  Philadelphia, Lea and Blanchard, 1847. [3]-663 p. 24 1/2 cm.</subfield>
  </datafield>
  <datafield tag="245" ind1="0" ind2="0">
    <subfield code="a">Encyclopaedia Americana :</subfield>
    <subfield code="b">a popular dictionary of arts, sciences, literature, history, politics and biography, brought down to the present time : including a copious collection of original articles in American biography, on the basis of the 7th ed. of the German Conversations-Lexicon /</subfield>
    <subfield code="c">ed. by Francis Lieber, assisted by E. Wigglesworth.</subfield>
  </datafield>
  <datafield tag="260" ind1=" " ind2=" ">
    <subfield code="a">Philadelphia :</subfield>
    <subfield code="b">Carey, Lea &amp; Carey,</subfield>
    <subfield code="c">1829-1835.</subfield>
  </datafield>
  <datafield tag="300" ind1=" " ind2=" ">
    <subfield code="a">13 v. ;</subfield>
    <subfield code="c">24 cm.</subfield>
  </datafield>
  <datafield tag="650" ind1=" " ind2="0">
    <subfield code="a">Encyclopedias and dictionaries.</subfield>
  </datafield>
  <datafield tag="700" ind1="1" ind2=" ">
    <subfield code="a">Lieber, Francis,</subfield>
    <subfield code="d">1800-1872,</subfield>
    <subfield code="e">ed.</subfield>
  </datafield>
  <datafield tag="700" ind1="1" ind2=" ">
    <subfield code="a">Wigglesworth, E.</subfield>
    <subfield code="q">(Edward),</subfield>
    <subfield code="d">1804-1876,</subfield>
    <subfield code="e">ed.</subfield>
  </datafield>
  <datafield tag="700" ind1="1" ind2=" ">
    <subfield code="a">Bradford, T. G.</subfield>
    <subfield code="q">(Thomas Gamaliel),</subfield>
    <subfield code="d">1802-1887,</subfield>
    <subfield code="e">ed.</subfield>
  </datafield>
  <datafield tag="700" ind1="1" ind2=" ">
    <subfield code="a">Vethake, Henry,</subfield>
    <subfield code="d">1792-1866,</subfield>
    <subfield code="e">ed.</subfield>
  </datafield>
  <datafield tag="710" ind1="2" ind2=" ">
    <subfield code="a">Joseph Meredith Toner Collection (Library of Congress)</subfield>
    <subfield code="5">DLC</subfield>
  </datafield>
  <datafield tag="952" ind1=" " ind2=" ">
    <subfield code="a">LAC ecr 2020-01-03 update (1 card)</subfield>
  </datafield>
  <datafield tag="984" ind1=" " ind2=" ">
    <subfield code="a">rsl</subfield>
    <subfield code="d">2020-01-03</subfield>
  </datafield>
  <datafield tag="985" ind1=" " ind2=" ">
    <subfield code="a">rblacfederal</subfield>
    <subfield code="d">20200103</subfield>
  </datafield>
  <datafield tag="991" ind1=" " ind2=" ">
    <subfield code="b">c-GenColl</subfield>
    <subfield code="h">AE5</subfield>
    <subfield code="i">.E296</subfield>
    <subfield code="t">Copy 1</subfield>
    <subfield code="w">PREM</subfield>
  </datafield>
</record>