
<record>
  <leader>03876cam a22005775i 4500</leader>
  <controlfield tag="001">6230753</controlfield>
  <controlfield tag="005">20200103153057.0</controlfield>
  <controlfield tag="008">921211s1842    tu ab         000 0 bul  </controlfield>
  <datafield tag="906" ind1=" " ind2=" ">
    <subfield code="a">0</subfield>
    <subfield code="b">ibc</subfield>
    <subfield code="c">premver</subfield>
    <subfield code="d">2</subfield>
    <subfield code="e">ncip</subfield>
    <subfield code="f">20</subfield>
    <subfield code="g">y-genrareb</subfield>
  </datafield>
  <datafield tag="925" ind1="0" ind2=" ">
    <subfield code="a">acquire</subfield>
    <subfield code="b">1 shelf copy</subfield>
    <subfield code="x">policy default</subfield>
  </datafield>
  <datafield tag="955" ind1=" " ind2=" ">
    <subfield code="b">fg23 2019-10-25</subfield>
    <subfield code="c">fg23 2019-10-25 NEW INPUT</subfield>
    <subfield code="i">fg15 2020-01-03</subfield>
  </datafield>
  <datafield tag="010" ind1=" " ind2=" ">
    <subfield code="a">   77509448 </subfield>
  </datafield>
  <datafield tag="035" ind1=" " ind2=" ">
    <subfield code="9">(DLC)   77509448</subfield>
  </datafield>
  <datafield tag="040" ind1=" " ind2=" ">
    <subfield code="a">DLC</subfield>
    <subfield code="b">eng</subfield>
    <subfield code="e">rda</subfield>
    <subfield code="c">DLC</subfield>
    <subfield code="d">DLC</subfield>
  </datafield>
  <datafield tag="042" ind1=" " ind2=" ">
    <subfield code="a">pcc</subfield>
  </datafield>
  <datafield tag="050" ind1="0" ind2="0">
    <subfield code="a">AC65</subfield>
    <subfield code="b">.L57 1842</subfield>
  </datafield>
  <datafield tag="066" ind1=" " ind2=" ">
    <subfield code="c">(N</subfield>
    <subfield code="c">(Q</subfield>
  </datafield>
  <datafield tag="245" ind1="0" ind2="0">
    <subfield code="6">880-01</subfield>
    <subfield code="a">Li︠u︡boslovīe, ili, Perīodīchesko spisanīe raznykhʺ vi︠e︡di︠e︡nīi /</subfield>
    <subfield code="c">izdadeno trūdomʺ Kōnstantīna G. Fōtīnova S.</subfield>
  </datafield>
  <datafield tag="880" ind1="0" ind2="0">
    <subfield code="6">245-01/(N</subfield>
    <subfield code="a">Lюбословиiе, или, Перiодiческо списанiе разныхъ вѣдѣнӣи /</subfield>
    <subfield code="c">издадено трудомъ Константiна Г. Фотиiнова С.</subfield>
  </datafield>
  <datafield tag="246" ind1="1" ind2="3">
    <subfield code="a">Li︠u︡boslovīe, ili, Perīodīchesko spisanīe raznykhʺ věděnīii</subfield>
  </datafield>
  <datafield tag="246" ind1="1" ind2="3">
    <subfield code="6">880-02</subfield>
    <subfield code="a">Li︠u︡boslovie, ili Periodichesko spisanie raznikh vedenii</subfield>
  </datafield>
  <datafield tag="880" ind1="1" ind2="3">
    <subfield code="6">246-02/(N</subfield>
    <subfield code="a">Любословие, или Периодическо списание разних ведении</subfield>
  </datafield>
  <datafield tag="246" ind1="1" ind2="3">
    <subfield code="a">Lyuboslovie, ili, Periodichesko spisanie raznih vedenii</subfield>
  </datafield>
  <datafield tag="246" ind1="1" ind2="3">
    <subfield code="a">Perīodīchesko spisanīe raznykhʺ vi︠e︡di︠e︡nīi</subfield>
  </datafield>
  <datafield tag="246" ind1="1" ind2="3">
    <subfield code="6">880-03</subfield>
    <subfield code="a">Periodichesko spisanie raznikhʺ vedenii</subfield>
  </datafield>
  <datafield tag="880" ind1="1" ind2="3">
    <subfield code="6">246-03/(N</subfield>
    <subfield code="a">Периодическо списание разнихъ ведении</subfield>
  </datafield>
  <datafield tag="264" ind1=" " ind2="1">
    <subfield code="c">Smyrna :</subfield>
    <subfield code="b">Vʺ Tẏpografīĭ A. Damīanova,</subfield>
    <subfield code="c">1842.</subfield>
  </datafield>
  <datafield tag="300" ind1=" " ind2=" ">
    <subfield code="a">32 pages :</subfield>
    <subfield code="b">illustrations, maps ;</subfield>
    <subfield code="c">21 cm</subfield>
  </datafield>
  <datafield tag="336" ind1=" " ind2=" ">
    <subfield code="a">text</subfield>
    <subfield code="b">txt</subfield>
    <subfield code="2">rdacontent</subfield>
  </datafield>
  <datafield tag="337" ind1=" " ind2=" ">
    <subfield code="a">unmediated</subfield>
    <subfield code="b">n</subfield>
    <subfield code="2">rdamedia</subfield>
  </datafield>
  <datafield tag="338" ind1=" " ind2=" ">
    <subfield code="a">volume</subfield>
    <subfield code="b">nc</subfield>
    <subfield code="2">rdacarrier</subfield>
  </datafield>
  <datafield tag="500" ind1=" " ind2=" ">
    <subfield code="6">880-04</subfield>
    <subfield code="a">&quot;Ispytaĭte pisanīę, vʺ nikhʺ zhe bo ōbręshtete zhivotʺ vi︠e︡chnyĭ, i sokrovishte neizcherpaemo.&quot;</subfield>
  </datafield>
  <datafield tag="880" ind1=" " ind2=" ">
    <subfield code="6">500-04/(N</subfield>
    <subfield code="a">&quot;Испyтайте писанӣе̨, въ нихъ же бо о̄бре̨щете животъ вѣчнyй, и сокровище неизчерпаемо.&quot;</subfield>
  </datafield>
  <datafield tag="500" ind1=" " ind2=" ">
    <subfield code="a">Title within decorative border.</subfield>
  </datafield>
  <datafield tag="500" ind1=" " ind2=" ">
    <subfield code="a">Signatures: 4⁴</subfield>
  </datafield>
  <datafield tag="500" ind1=" " ind2=" ">
    <subfield code="a">LC copy bears inscription: &quot;Proben broĭ.&quot;</subfield>
    <subfield code="5">DLC</subfield>
  </datafield>
  <datafield tag="510" ind1="4" ind2=" ">
    <subfield code="6">880-05</subfield>
    <subfield code="a">Pogorelov, V.A. Opis na starite pechatani bŭlgarski knigi,</subfield>
    <subfield code="c">73</subfield>
  </datafield>
  <datafield tag="880" ind1="4" ind2=" ">
    <subfield code="6">510-05/(N</subfield>
    <subfield code="a">Погорелов, В.А. Opis na starite pechatani bŭlgarski knigi,</subfield>
    <subfield code="c">73</subfield>
  </datafield>
  <datafield tag="510" ind1="4" ind2=" ">
    <subfield code="6">880-06</subfield>
    <subfield code="a">Narodna biblioteka &quot;Kiril i Metodiĭ&quot;. Bŭlgarska vŭzrozhdenska knizhnina (&quot;Stoi︠a︡nov&quot;),</subfield>
    <subfield code="c">7659</subfield>
  </datafield>
  <datafield tag="880" ind1="4" ind2=" ">
    <subfield code="6">510-06/(N</subfield>
    <subfield code="a">Народна библиотека &quot;Кирил и Методий&quot;. Българска възрожденска книжнина (&quot;Стоянов&quot;),</subfield>
    <subfield code="c">7659</subfield>
  </datafield>
  <datafield tag="510" ind1="4" ind2=" ">
    <subfield code="6">880-07</subfield>
    <subfield code="a">Teodorov-Balan, Aleksandŭr. Bŭlgarski knigopis za sto godini, 1806-1905,</subfield>
    <subfield code="c">13127</subfield>
  </datafield>
  <datafield tag="880" ind1="4" ind2=" ">
    <subfield code="6">510-07/(N</subfield>
    <subfield code="a">Теодоров-Балан, Александър. Български книгопис за сто години, 1806-1905,</subfield>
    <subfield code="c">13127</subfield>
  </datafield>
  <datafield tag="561" ind1=" " ind2=" ">
    <subfield code="a">LC copy from the library of Todor D. Plochev, purchased in 1949.</subfield>
    <subfield code="5">DLC</subfield>
  </datafield>
  <datafield tag="700" ind1="1" ind2=" ">
    <subfield code="6">880-08</subfield>
    <subfield code="a">Fotinov, Konstantin Georgiev,</subfield>
    <subfield code="d">approximately 1790-1858,</subfield>
    <subfield code="e">editor.</subfield>
  </datafield>
  <datafield tag="880" ind1="1" ind2=" ">
    <subfield code="6">700-08/(N</subfield>
    <subfield code="a">Фотинов, Константин Георгиев,</subfield>
    <subfield code="d">approximately 1790-1858,</subfield>
    <subfield code="e">editor.</subfield>
  </datafield>
  <datafield tag="700" ind1="1" ind2=" ">
    <subfield code="6">880-09</subfield>
    <subfield code="a">Plochev, Todor D.,</subfield>
    <subfield code="e">former owner.</subfield>
    <subfield code="5">DLC</subfield>
  </datafield>
  <datafield tag="880" ind1="1" ind2=" ">
    <subfield code="6">700-09/(N</subfield>
    <subfield code="a">Плочев, Тодор Д.,</subfield>
    <subfield code="e">former owner.</subfield>
    <subfield code="5">DLC</subfield>
  </datafield>
  <datafield tag="710" ind1="2" ind2=" ">
    <subfield code="a">Early Bulgarian Imprint Collection (Library of Congress)</subfield>
    <subfield code="5">DLC</subfield>
  </datafield>
  <datafield tag="785" ind1="0" ind2="0">
    <subfield code="6">880-10</subfield>
    <subfield code="a">Li︠u︡boslovie, ili, Periodichesko povsemesi︠a︡chno spisanie</subfield>
    <subfield code="d">Smirna, Konstantin G. Fotinov, 1844-1846.</subfield>
  </datafield>
  <datafield tag="880" ind1="0" ind2="0">
    <subfield code="6">785-10/(N</subfield>
    <subfield code="a">Любословие, или, Периодическо повсемесячно списание</subfield>
    <subfield code="d">Смирна, Константин Г. Фотинов, 1844-1846.</subfield>
  </datafield>
  <datafield tag="991" ind1=" " ind2=" ">
    <subfield code="b">c-RareBook</subfield>
    <subfield code="h">AC65</subfield>
    <subfield code="i">.L57</subfield>
    <subfield code="t">Copy 1</subfield>
    <subfield code="w">PREM</subfield>
  </datafield>
</record>