
<record>
  <leader>01357cam a22002291  4500</leader>
  <controlfield tag="001">6258889</controlfield>
  <controlfield tag="005">20200103144347.0</controlfield>
  <controlfield tag="008">810623s1653    enk           000 0 eng  </controlfield>
  <datafield tag="906" ind1=" " ind2=" ">
    <subfield code="a">7</subfield>
    <subfield code="b">cbc</subfield>
    <subfield code="c">premunv</subfield>
    <subfield code="d">u</subfield>
    <subfield code="e">ncip</subfield>
    <subfield code="f">19</subfield>
    <subfield code="g">y-gencatlg</subfield>
  </datafield>
  <datafield tag="035" ind1=" " ind2=" ">
    <subfield code="9">(DLC)unk81017328</subfield>
  </datafield>
  <datafield tag="010" ind1=" " ind2=" ">
    <subfield code="a">  2018659420</subfield>
    <subfield code="z">unk81017328 </subfield>
  </datafield>
  <datafield tag="040" ind1=" " ind2=" ">
    <subfield code="a">DLC</subfield>
    <subfield code="b">eng</subfield>
    <subfield code="c">CarP</subfield>
    <subfield code="d">DLC</subfield>
  </datafield>
  <datafield tag="050" ind1="0" ind2="0">
    <subfield code="a">BT890</subfield>
    <subfield code="b">.A85</subfield>
  </datafield>
  <datafield tag="100" ind1="1" ind2=" ">
    <subfield code="a">Aspinwall, William,</subfield>
    <subfield code="d">active 1648-1662.</subfield>
  </datafield>
  <datafield tag="245" ind1="1" ind2="2">
    <subfield code="a">A brief description of the Fifth Monarchy, or Kingdome, that shortly is to come into the world.</subfield>
    <subfield code="b">The monarch, subjects, officers, and lawes thereof, and the surpassing glory, amplitude, unity, and peace of that kingdome. When the kingdome and dominion, and the greatnesse of the kingdome under the whole heaven shall be given to the people, the saints of the Most High, whose kingdome is an everlasting kingdome, and all soveraignes shall serve and obey him. And in the conclusion there is added a prognostick of the time when this Fifth Kingdome shall begin.</subfield>
    <subfield code="c">by William Aspinwall, N.E. ...</subfield>
  </datafield>
  <datafield tag="260" ind1=" " ind2=" ">
    <subfield code="a">London,</subfield>
    <subfield code="b">Printed by M. Simmons, and are to be sold by L. Chapman,</subfield>
    <subfield code="c">1653.</subfield>
  </datafield>
  <datafield tag="300" ind1=" " ind2=" ">
    <subfield code="a">[2], 14 p.</subfield>
    <subfield code="b">19 cm. (4to)</subfield>
  </datafield>
  <datafield tag="650" ind1=" " ind2="0">
    <subfield code="a">Millennium (Eschatology)</subfield>
    <subfield code="v">Early works to 1800.</subfield>
  </datafield>
  <datafield tag="952" ind1=" " ind2=" ">
    <subfield code="a">LAC ael 2019-01-25 update (1 card)</subfield>
  </datafield>
  <datafield tag="984" ind1=" " ind2=" ">
    <subfield code="a">rsl</subfield>
    <subfield code="d">2019-01-25</subfield>
  </datafield>
  <datafield tag="985" ind1=" " ind2=" ">
    <subfield code="a">rblacfederal</subfield>
    <subfield code="d">20190125</subfield>
  </datafield>
  <datafield tag="991" ind1=" " ind2=" ">
    <subfield code="b">c-RareBook</subfield>
    <subfield code="h">BT890</subfield>
    <subfield code="i">.A85</subfield>
    <subfield code="t">Copy 1</subfield>
    <subfield code="w">PREM</subfield>
  </datafield>
</record>