
<record>
  <leader>00992cam a22002771  4500</leader>
  <controlfield tag="001">6263660</controlfield>
  <controlfield tag="005">20200103102805.0</controlfield>
  <controlfield tag="008">820513m17311733ne            000 0 may  </controlfield>
  <datafield tag="906" ind1=" " ind2=" ">
    <subfield code="a">7</subfield>
    <subfield code="b">cbc</subfield>
    <subfield code="c">premunv</subfield>
    <subfield code="d">u</subfield>
    <subfield code="e">ncip</subfield>
    <subfield code="f">19</subfield>
    <subfield code="g">y-gencatlg</subfield>
  </datafield>
  <datafield tag="035" ind1=" " ind2=" ">
    <subfield code="9">(DLC)unk82007778</subfield>
  </datafield>
  <datafield tag="010" ind1=" " ind2=" ">
    <subfield code="a">  2018659414</subfield>
    <subfield code="z">unk82007778 </subfield>
  </datafield>
  <datafield tag="040" ind1=" " ind2=" ">
    <subfield code="a">DLC</subfield>
    <subfield code="b">eng</subfield>
    <subfield code="c">CarP</subfield>
    <subfield code="d">DLC</subfield>
  </datafield>
  <datafield tag="050" ind1="0" ind2="0">
    <subfield code="a">BS315</subfield>
    <subfield code="b">.M2 1731</subfield>
  </datafield>
  <datafield tag="051" ind1=" " ind2=" ">
    <subfield code="a">BS315</subfield>
    <subfield code="b">.M2 1731 Copy 2</subfield>
    <subfield code="c">Another copy (in 2 vols.)</subfield>
  </datafield>
  <datafield tag="130" ind1="0" ind2=" ">
    <subfield code="a">Bible.</subfield>
    <subfield code="l">Malay.</subfield>
    <subfield code="f">1731.</subfield>
  </datafield>
  <datafield tag="245" ind1="1" ind2="0">
    <subfield code="a">Elkitâb, &apos;ija &apos;îtu, segala sûrat perdjandjian lâma dán bahâruw.</subfield>
  </datafield>
  <datafield tag="260" ind1=" " ind2=" ">
    <subfield code="a">[Amsterdam :</subfield>
    <subfield code="b">s.n.]</subfield>
    <subfield code="c">1731-33.</subfield>
  </datafield>
  <datafield tag="300" ind1=" " ind2=" ">
    <subfield code="a">2 v. in 1.</subfield>
  </datafield>
  <datafield tag="985" ind1=" " ind2=" ">
    <subfield code="a">rarebk/pre1801</subfield>
    <subfield code="e">rbc</subfield>
    <subfield code="f">cd10</subfield>
  </datafield>
  <datafield tag="952" ind1=" " ind2=" ">
    <subfield code="a">RSL card lists only Copy 1. LAC ecr 2019-01-23</subfield>
  </datafield>
  <datafield tag="952" ind1=" " ind2=" ">
    <subfield code="a">LAC ecr 2019-01-23 update (1 card)</subfield>
  </datafield>
  <datafield tag="984" ind1=" " ind2=" ">
    <subfield code="a">rsl</subfield>
    <subfield code="d">2019-01-23</subfield>
  </datafield>
  <datafield tag="984" ind1=" " ind2=" ">
    <subfield code="a">gsl</subfield>
    <subfield code="d">2020-01-03</subfield>
  </datafield>
  <datafield tag="985" ind1=" " ind2=" ">
    <subfield code="a">rblacfederal</subfield>
    <subfield code="d">20190123</subfield>
  </datafield>
  <datafield tag="991" ind1=" " ind2=" ">
    <subfield code="b">c-Asian</subfield>
    <subfield code="h">BS315</subfield>
    <subfield code="i">.M2 1731</subfield>
    <subfield code="t">Copy 1</subfield>
    <subfield code="m">Malay</subfield>
    <subfield code="w">PREM</subfield>
  </datafield>
  <datafield tag="991" ind1=" " ind2=" ">
    <subfield code="b">c-RareBook</subfield>
    <subfield code="h">BS315</subfield>
    <subfield code="i">.M2 1731</subfield>
    <subfield code="t">Copy 2</subfield>
    <subfield code="m">Pre-1801 Coll</subfield>
    <subfield code="w">PREM</subfield>
  </datafield>
</record>