
<record>
  <leader>01905cam a22003131  4500</leader>
  <controlfield tag="001">6264430</controlfield>
  <controlfield tag="005">20200103103736.0</controlfield>
  <controlfield tag="008">820803q1520    xx            000 0 lat  </controlfield>
  <datafield tag="906" ind1=" " ind2=" ">
    <subfield code="a">7</subfield>
    <subfield code="b">cbc</subfield>
    <subfield code="c">premunv</subfield>
    <subfield code="d">u</subfield>
    <subfield code="e">ncip</subfield>
    <subfield code="f">19</subfield>
    <subfield code="g">y-gencatlg</subfield>
  </datafield>
  <datafield tag="010" ind1=" " ind2=" ">
    <subfield code="a">  2018659418</subfield>
    <subfield code="z">unk82020398 </subfield>
    <subfield code="z">tmp49000054 </subfield>
  </datafield>
  <datafield tag="040" ind1=" " ind2=" ">
    <subfield code="a">DLC</subfield>
    <subfield code="b">eng</subfield>
    <subfield code="c">CarP</subfield>
    <subfield code="d">DLC</subfield>
  </datafield>
  <datafield tag="050" ind1="0" ind2="0">
    <subfield code="a">BT800</subfield>
    <subfield code="b">.D4</subfield>
  </datafield>
  <datafield tag="245" ind1="0" ind2="0">
    <subfield code="a">[De contritione]</subfield>
  </datafield>
  <datafield tag="260" ind1=" " ind2=" ">
    <subfield code="a">[n. p.</subfield>
    <subfield code="c">1520?]</subfield>
  </datafield>
  <datafield tag="300" ind1=" " ind2=" ">
    <subfield code="a">cxliii numb. l</subfield>
    <subfield code="c">18 cm.</subfield>
  </datafield>
  <datafield tag="500" ind1=" " ind2=" ">
    <subfield code="a">Unidentified work lacking beginning and end.</subfield>
  </datafield>
  <datafield tag="500" ind1=" " ind2=" ">
    <subfield code="a">Signatures: a-s⁸. 47 lines, 130 x 70 mm.</subfield>
  </datafield>
  <datafield tag="500" ind1=" " ind2=" ">
    <subfield code="a">Leaves i-ii, vii-viii, cxxxvii and all after cxliii wanting.</subfield>
    <subfield code="5">DLC</subfield>
  </datafield>
  <datafield tag="500" ind1=" " ind2=" ">
    <subfield code="a">Initials, marginal notes; catch-words at end of each signature.</subfield>
  </datafield>
  <datafield tag="500" ind1=" " ind2=" ">
    <subfield code="a">Running captions: fo. iii: Prologus., fo. iv: De his que in isto opere tractãda sunt., fo. v. Oratio preparatoria ad contritionem., fo. vi. Qid requiritur ad veram contritionem., fo. ix. De lapsu Dauid., fo. xxxc verso-fo. lxii: De primo [-octauo] precepto diuine legis., fo. lxiii: De peccatis mortalibus., fo. cx verso: De quinq sensibus corporeis., fo. xcliii: De contritione.</subfield>
  </datafield>
  <datafield tag="500" ind1=" " ind2=" ">
    <subfield code="a">Quotes Petrarch (fo. xviii), Albertus Magnus (fo. xx), Gerson (fo. cxxxviii verso)</subfield>
  </datafield>
  <datafield tag="500" ind1=" " ind2=" ">
    <subfield code="a">Clumsily fastened (inverted) into a binding by John Reynes of London. Brown calf on wooden boards; two clasps lost by catches remain. Arms of the Redeemer (on scroll: Redemptoris mundi arma) on front cover; on back cover the royal arms of England and the Tudor rose. For a description cf. Goldschmidt, E. P.  Gothic and renaissance bookbindings. London [etc.] 1928. v.1, p. 232, no. 140; v. 2, pl. LII.</subfield>
  </datafield>
  <datafield tag="650" ind1=" " ind2="0">
    <subfield code="a">Repentance</subfield>
    <subfield code="v">Early works to 1800.</subfield>
  </datafield>
  <datafield tag="952" ind1=" " ind2=" ">
    <subfield code="a">LAC ael 2019-01-24 update (3 cards)</subfield>
  </datafield>
  <datafield tag="952" ind1=" " ind2=" ">
    <subfield code="a">LAC rwp 2019-02-04 review</subfield>
  </datafield>
  <datafield tag="984" ind1=" " ind2=" ">
    <subfield code="a">rsl</subfield>
    <subfield code="d">2019-01-24</subfield>
  </datafield>
  <datafield tag="984" ind1=" " ind2=" ">
    <subfield code="a">gsl</subfield>
    <subfield code="d">2020-01-03</subfield>
  </datafield>
  <datafield tag="985" ind1=" " ind2=" ">
    <subfield code="a">rblacfederal</subfield>
    <subfield code="d">20190124</subfield>
  </datafield>
  <datafield tag="991" ind1=" " ind2=" ">
    <subfield code="b">c-RareBook</subfield>
    <subfield code="h">BT800</subfield>
    <subfield code="i">.D4</subfield>
    <subfield code="t">Copy 1</subfield>
    <subfield code="w">PREM</subfield>
  </datafield>
</record>