
<record>
  <leader>01657cam a22003851  4500</leader>
  <controlfield tag="001">6321035</controlfield>
  <controlfield tag="005">20200103153209.0</controlfield>
  <controlfield tag="008">830613s1863    nyu           000 0 eng  </controlfield>
  <datafield tag="906" ind1=" " ind2=" ">
    <subfield code="a">7</subfield>
    <subfield code="b">cbc</subfield>
    <subfield code="c">premver</subfield>
    <subfield code="d">u</subfield>
    <subfield code="e">ncip</subfield>
    <subfield code="f">19</subfield>
    <subfield code="g">y-gencatlg</subfield>
  </datafield>
  <datafield tag="955" ind1=" " ind2=" ">
    <subfield code="a">th13 08-30-96</subfield>
  </datafield>
  <datafield tag="035" ind1=" " ind2=" ">
    <subfield code="9">(DLC)   02006905</subfield>
  </datafield>
  <datafield tag="010" ind1=" " ind2=" ">
    <subfield code="a">   02006905 </subfield>
  </datafield>
  <datafield tag="040" ind1=" " ind2=" ">
    <subfield code="a">DLC</subfield>
    <subfield code="c">CarP</subfield>
    <subfield code="d">DLC</subfield>
  </datafield>
  <datafield tag="043" ind1=" " ind2=" ">
    <subfield code="a">n-us---</subfield>
  </datafield>
  <datafield tag="050" ind1="0" ind2="0">
    <subfield code="a">AC901</subfield>
    <subfield code="b">.M5 vol. 448, no. 1</subfield>
  </datafield>
  <datafield tag="051" ind1=" " ind2=" ">
    <subfield code="a">YA 12286</subfield>
    <subfield code="c">Copy no. undetermined.</subfield>
  </datafield>
  <datafield tag="100" ind1="1" ind2=" ">
    <subfield code="a">Laboulaye, Edouard,</subfield>
    <subfield code="d">1811-1883.</subfield>
  </datafield>
  <datafield tag="245" ind1="1" ind2="0">
    <subfield code="a">Upon whom rests the guilt of the war?</subfield>
    <subfield code="b">Separation: war without end.</subfield>
  </datafield>
  <datafield tag="246" ind1="1" ind2="6">
    <subfield code="a">Disuion: degradation without remedy</subfield>
  </datafield>
  <datafield tag="260" ind1=" " ind2=" ">
    <subfield code="a">New York,</subfield>
    <subfield code="b">W. C. Bryant &amp; Co., Printers,</subfield>
    <subfield code="c">1863.</subfield>
  </datafield>
  <datafield tag="300" ind1=" " ind2=" ">
    <subfield code="a">19 p.</subfield>
    <subfield code="c">23 cm.</subfield>
  </datafield>
  <datafield tag="490" ind1="1" ind2=" ">
    <subfield code="a">Loyal Publication Society,</subfield>
    <subfield code="v">no. 8</subfield>
  </datafield>
  <datafield tag="500" ind1=" " ind2=" ">
    <subfield code="a">Translation of a paper originally published in the Revue nationale.</subfield>
  </datafield>
  <datafield tag="530" ind1=" " ind2=" ">
    <subfield code="a">Also available in digital form on the Library of Congress Web site.</subfield>
  </datafield>
  <datafield tag="651" ind1=" " ind2="0">
    <subfield code="a">United States</subfield>
    <subfield code="x">Politics and government</subfield>
    <subfield code="y">1861-1865.</subfield>
  </datafield>
  <datafield tag="710" ind1="2" ind2=" ">
    <subfield code="a">Miscellaneous Pamphlet Collection (Library of Congress)</subfield>
    <subfield code="5">DLC</subfield>
  </datafield>
  <datafield tag="710" ind1="2" ind2=" ">
    <subfield code="a">YA Pamphlet Collection (Library of Congress)</subfield>
    <subfield code="5">DLC</subfield>
  </datafield>
  <datafield tag="830" ind1=" " ind2="0">
    <subfield code="a">Loyal Publication Society (Series) ;</subfield>
    <subfield code="v">no. 8.</subfield>
  </datafield>
  <datafield tag="856" ind1="4" ind2="1">
    <subfield code="d">rbc0001</subfield>
    <subfield code="f">2019miscpam06905</subfield>
    <subfield code="u">http://hdl.loc.gov/loc.rbc/rbfr.0018</subfield>
  </datafield>
  <datafield tag="859" ind1="4" ind2="2">
    <subfield code="3">France in America: Selections from the LC Rare Books and Special Collections Division Description</subfield>
    <subfield code="u">http://hdl.loc.gov/loc.eur/frhtml.0002</subfield>
  </datafield>
  <datafield tag="985" ind1=" " ind2=" ">
    <subfield code="a">rbc/scd</subfield>
  </datafield>
  <datafield tag="985" ind1=" " ind2=" ">
    <subfield code="a">ascfr/frlcrb/tx</subfield>
    <subfield code="e">intldl</subfield>
  </datafield>
  <datafield tag="985" ind1=" " ind2=" ">
    <subfield code="a">pmpull</subfield>
    <subfield code="e">ammem</subfield>
  </datafield>
  <datafield tag="991" ind1=" " ind2=" ">
    <subfield code="b">c-RareBook</subfield>
    <subfield code="h">AC901</subfield>
    <subfield code="i">.M5 vol. 448, no. 1</subfield>
    <subfield code="t">Copy 1</subfield>
    <subfield code="m">Misc Pam</subfield>
    <subfield code="w">PREM</subfield>
  </datafield>
  <datafield tag="991" ind1=" " ind2=" ">
    <subfield code="b">c-RareBook</subfield>
    <subfield code="h">YA 12286</subfield>
    <subfield code="t">Copy 1</subfield>
    <subfield code="m">YA Pam</subfield>
    <subfield code="w">PREM</subfield>
  </datafield>
</record>