
<record>
  <leader>02107cam a22003971  4500</leader>
  <controlfield tag="001">6333334</controlfield>
  <controlfield tag="005">20200103153232.0</controlfield>
  <controlfield tag="007">cr |||||||||||</controlfield>
  <controlfield tag="008">820503s1828    nyuf          000 0 eng  </controlfield>
  <datafield tag="906" ind1=" " ind2=" ">
    <subfield code="a">7</subfield>
    <subfield code="b">cbc</subfield>
    <subfield code="c">premver</subfield>
    <subfield code="d">u</subfield>
    <subfield code="e">ncip</subfield>
    <subfield code="f">19</subfield>
    <subfield code="g">y-gencatlg</subfield>
  </datafield>
  <datafield tag="010" ind1=" " ind2=" ">
    <subfield code="a">   06003795 </subfield>
  </datafield>
  <datafield tag="035" ind1=" " ind2=" ">
    <subfield code="9">(DLC)   06003795</subfield>
  </datafield>
  <datafield tag="040" ind1=" " ind2=" ">
    <subfield code="a">DLC</subfield>
    <subfield code="b">eng</subfield>
    <subfield code="c">CarP</subfield>
    <subfield code="d">DLC</subfield>
  </datafield>
  <datafield tag="043" ind1=" " ind2=" ">
    <subfield code="a">n-us-ny</subfield>
    <subfield code="a">n-cn-on</subfield>
  </datafield>
  <datafield tag="050" ind1="0" ind2="0">
    <subfield code="a">E99.I7</subfield>
    <subfield code="b">C87</subfield>
  </datafield>
  <datafield tag="100" ind1="1" ind2=" ">
    <subfield code="a">Cusick, David,</subfield>
    <subfield code="d">-approximately 1840.</subfield>
  </datafield>
  <datafield tag="240" ind1="1" ind2="0">
    <subfield code="a">Sketches of ancient history of the Six Nations</subfield>
  </datafield>
  <datafield tag="245" ind1="1" ind2="0">
    <subfield code="a">David Cusick&apos;s Sketches of ancient history of the Six Nations:</subfield>
    <subfield code="b">comprising, first, a tale of the foundation of the great island (now North America), the two infants born, and the creation of the universe. Second, a real account of the early settlers of North America, and their dissentions. Third, origin of the kingdom of the Five Nations, which was called a long house: the wars, fierce animals, &amp;c.</subfield>
  </datafield>
  <datafield tag="250" ind1=" " ind2=" ">
    <subfield code="a">2d ed. of 7,000 copies, embelished with 4 engravings.</subfield>
  </datafield>
  <datafield tag="260" ind1=" " ind2=" ">
    <subfield code="a">Tuscarora Village, Lewiston, Niagra Co.,</subfield>
    <subfield code="a">[Lockport. N.Y. :</subfield>
    <subfield code="b">Cooley &amp; Lothrop, printers],</subfield>
    <subfield code="c">1828.</subfield>
  </datafield>
  <datafield tag="300" ind1=" " ind2=" ">
    <subfield code="a">36 p. :</subfield>
    <subfield code="b">plates. ;</subfield>
    <subfield code="c">18 cm.</subfield>
  </datafield>
  <datafield tag="500" ind1=" " ind2=" ">
    <subfield code="a">This copy has only two plates, of which one has title: &quot;The flying head put to flight by a woman parching acorns.&quot; The other plate, without title in this edition, is called in the 3rd edition, Lockport, 1848, &quot;Stonish giants.&quot;</subfield>
  </datafield>
  <datafield tag="530" ind1=" " ind2=" ">
    <subfield code="a">Also available in digital form on the Library of Congress Web site.</subfield>
  </datafield>
  <datafield tag="650" ind1=" " ind2="0">
    <subfield code="a">Iroquois Indians</subfield>
    <subfield code="x">History.</subfield>
  </datafield>
  <datafield tag="650" ind1=" " ind2="0">
    <subfield code="a">Iroquois Indians</subfield>
    <subfield code="v">Folklore.</subfield>
  </datafield>
  <datafield tag="650" ind1=" " ind2="0">
    <subfield code="a">Iroquois mythology.</subfield>
  </datafield>
  <datafield tag="856" ind1="4" ind2="1">
    <subfield code="d">rbc0001</subfield>
    <subfield code="f">2019gen03795</subfield>
    <subfield code="q">s</subfield>
    <subfield code="u">http://hdl.loc.gov/loc.rbc/rbfr.0003</subfield>
  </datafield>
  <datafield tag="859" ind1="4" ind2="2">
    <subfield code="3">France in America: Selections from the LC Rare Books and Special Collections Division Description</subfield>
    <subfield code="q">u</subfield>
    <subfield code="u">http://hdl.loc.gov/loc.eur/frhtml.0002</subfield>
  </datafield>
  <datafield tag="952" ind1=" " ind2=" ">
    <subfield code="a">LAC snh 2019-04-10 update (2 card)</subfield>
  </datafield>
  <datafield tag="984" ind1=" " ind2=" ">
    <subfield code="a">rsl</subfield>
    <subfield code="d">2019-04-10</subfield>
  </datafield>
  <datafield tag="985" ind1=" " ind2=" ">
    <subfield code="a">rbc/scd</subfield>
  </datafield>
  <datafield tag="985" ind1=" " ind2=" ">
    <subfield code="a">rblacfederal</subfield>
    <subfield code="d">20190410</subfield>
  </datafield>
  <datafield tag="985" ind1=" " ind2=" ">
    <subfield code="a">ascfr/frlcrb/tx</subfield>
    <subfield code="e">intldl</subfield>
  </datafield>
  <datafield tag="985" ind1=" " ind2=" ">
    <subfield code="a">pmpull</subfield>
    <subfield code="e">intldl</subfield>
  </datafield>
  <datafield tag="985" ind1=" " ind2=" ">
    <subfield code="g">fcd</subfield>
  </datafield>
  <datafield tag="991" ind1=" " ind2=" ">
    <subfield code="b">c-GenColl</subfield>
    <subfield code="h">E99.I7</subfield>
    <subfield code="i">C87</subfield>
    <subfield code="t">Copy 1</subfield>
    <subfield code="w">PREM</subfield>
  </datafield>
</record>