
<record>
  <leader>01801cam a22003371  4500</leader>
  <controlfield tag="001">6467622</controlfield>
  <controlfield tag="005">20200103081619.0</controlfield>
  <controlfield tag="008">781017s1784    enkfh         000 0 engd </controlfield>
  <datafield tag="906" ind1=" " ind2=" ">
    <subfield code="a">7</subfield>
    <subfield code="b">cbc</subfield>
    <subfield code="c">oclcrpl</subfield>
    <subfield code="d">u</subfield>
    <subfield code="e">ncip</subfield>
    <subfield code="f">19</subfield>
    <subfield code="g">y-gencatlg</subfield>
  </datafield>
  <datafield tag="035" ind1=" " ind2=" ">
    <subfield code="9">(DLC)   45045065</subfield>
  </datafield>
  <datafield tag="010" ind1=" " ind2=" ">
    <subfield code="a">   45045065 </subfield>
  </datafield>
  <datafield tag="035" ind1=" " ind2=" ">
    <subfield code="a">(OCoLC)4298325</subfield>
  </datafield>
  <datafield tag="040" ind1=" " ind2=" ">
    <subfield code="a">DLC</subfield>
    <subfield code="b">eng</subfield>
    <subfield code="c">CtHT</subfield>
    <subfield code="d">CtHT</subfield>
    <subfield code="d">OCoLC</subfield>
    <subfield code="d">DLC</subfield>
  </datafield>
  <datafield tag="050" ind1="0" ind2="0">
    <subfield code="a">P211</subfield>
    <subfield code="b">.A75 1784</subfield>
  </datafield>
  <datafield tag="051" ind1=" " ind2=" ">
    <subfield code="a">P211</subfield>
    <subfield code="b">.A75 1784 Copy 2</subfield>
    <subfield code="c">On flyleaf: The gift of the author to M[ichael] Lort. Ms. letter to Lort signed by Thomas Pownall and dated 1780,k an 8-page MS. entitled Language (by Lort?), clippings and MS. notes inserted. Book-plated of J. Walpole D&apos;Oyly. Rosenwald Coll.</subfield>
  </datafield>
  <datafield tag="100" ind1="1" ind2=" ">
    <subfield code="a">Astle, Thomas,</subfield>
    <subfield code="d">1735-1803.</subfield>
  </datafield>
  <datafield tag="245" ind1="1" ind2="4">
    <subfield code="a">The origin and progress of writing,</subfield>
    <subfield code="b">as well hieroglyphic as elementary, illustrated by engravings taken from marbles, manuscripts and charters, ancient and modern: also, some account of the origin and progress of printing.</subfield>
    <subfield code="c">By Thomas Astle, esq. ...</subfield>
  </datafield>
  <datafield tag="260" ind1=" " ind2=" ">
    <subfield code="a">London,</subfield>
    <subfield code="b">Printed for the author; sold by T. Payne and Son [etc.]</subfield>
    <subfield code="c">1784.</subfield>
  </datafield>
  <datafield tag="300" ind1=" " ind2=" ">
    <subfield code="a">3 p. l., [v]-vii, xxv, 235 p.</subfield>
    <subfield code="b">plates (part fold.) facsims. (part fold., part col.)</subfield>
    <subfield code="c">30 cm.</subfield>
  </datafield>
  <datafield tag="510" ind1="4" ind2=" ">
    <subfield code="a">Library of Congress. Lessing J. Rosenwald collection,</subfield>
    <subfield code="c">1765</subfield>
  </datafield>
  <datafield tag="650" ind1=" " ind2="0">
    <subfield code="a">Writing</subfield>
    <subfield code="x">History.</subfield>
  </datafield>
  <datafield tag="650" ind1=" " ind2="0">
    <subfield code="a">Printing</subfield>
    <subfield code="x">History</subfield>
    <subfield code="x">Origin and antecedents.</subfield>
  </datafield>
  <datafield tag="710" ind1="2" ind2=" ">
    <subfield code="a">Pre-1801 Imprint Collection (Library of Congress)</subfield>
    <subfield code="5">DLC</subfield>
  </datafield>
  <datafield tag="710" ind1="2" ind2=" ">
    <subfield code="a">Lessing J. Rosenwald Collection (Library of Congress)</subfield>
    <subfield code="5">DLC</subfield>
  </datafield>
  <datafield tag="952" ind1=" " ind2=" ">
    <subfield code="a">LAC tnb 2019-10-03 update (1 card)</subfield>
  </datafield>
  <datafield tag="984" ind1=" " ind2=" ">
    <subfield code="a">rsl</subfield>
    <subfield code="d">2019-10-03</subfield>
  </datafield>
  <datafield tag="985" ind1=" " ind2=" ">
    <subfield code="a">rblacfederal</subfield>
    <subfield code="d">20191003</subfield>
  </datafield>
  <datafield tag="985" ind1=" " ind2=" ">
    <subfield code="e">OCLC REPLACEMENT</subfield>
  </datafield>
  <datafield tag="985" ind1=" " ind2=" ">
    <subfield code="a">rarebk/pre1801</subfield>
    <subfield code="e">rbc</subfield>
    <subfield code="f">cc10</subfield>
  </datafield>
  <datafield tag="987" ind1=" " ind2=" ">
    <subfield code="b">RBSCDRECON</subfield>
    <subfield code="c">20191003</subfield>
    <subfield code="d">r</subfield>
    <subfield code="f">CALL NUMBER DISCREPANCY</subfield>
  </datafield>
  <datafield tag="991" ind1=" " ind2=" ">
    <subfield code="b">c-RareBook</subfield>
    <subfield code="h">P211</subfield>
    <subfield code="i">.A75 1784</subfield>
    <subfield code="t">Copy 1</subfield>
    <subfield code="m">Pre-1801 Coll</subfield>
    <subfield code="w">OCLCREP</subfield>
  </datafield>
</record>