
<record>
  <leader>01692cam a22003731  4500</leader>
  <controlfield tag="001">6801907</controlfield>
  <controlfield tag="005">20200103081527.0</controlfield>
  <controlfield tag="008">760914s1765    ne cf         000 0 lat  </controlfield>
  <datafield tag="906" ind1=" " ind2=" ">
    <subfield code="a">7</subfield>
    <subfield code="b">cbc</subfield>
    <subfield code="c">oclcrpl</subfield>
    <subfield code="d">u</subfield>
    <subfield code="e">ncip</subfield>
    <subfield code="f">19</subfield>
    <subfield code="g">y-gencatlg</subfield>
  </datafield>
  <datafield tag="010" ind1=" " ind2=" ">
    <subfield code="a">   06008074 </subfield>
  </datafield>
  <datafield tag="035" ind1=" " ind2=" ">
    <subfield code="9">(DLC)   06008074</subfield>
  </datafield>
  <datafield tag="035" ind1=" " ind2=" ">
    <subfield code="a">(OCoLC)2431289</subfield>
  </datafield>
  <datafield tag="040" ind1=" " ind2=" ">
    <subfield code="a">DLC</subfield>
    <subfield code="c">NBuU</subfield>
    <subfield code="d">NBuU</subfield>
    <subfield code="d">OCoLC</subfield>
    <subfield code="d">DLC</subfield>
  </datafield>
  <datafield tag="041" ind1="1" ind2=" ">
    <subfield code="a">lateng</subfield>
  </datafield>
  <datafield tag="050" ind1="0" ind2="0">
    <subfield code="a">Z126.3</subfield>
    <subfield code="b">.M49</subfield>
  </datafield>
  <datafield tag="051" ind1=" " ind2=" ">
    <subfield code="a">Z126.3</subfield>
    <subfield code="b">.M49 Copy 2</subfield>
    <subfield code="c">Another copy.</subfield>
  </datafield>
  <datafield tag="100" ind1="1" ind2=" ">
    <subfield code="a">Meerman, Gerard,</subfield>
    <subfield code="d">1722-1771.</subfield>
  </datafield>
  <datafield tag="245" ind1="1" ind2="0">
    <subfield code="a">Origines typographicae.</subfield>
    <subfield code="c">Gerardo Meerman auctore ...</subfield>
  </datafield>
  <datafield tag="260" ind1=" " ind2=" ">
    <subfield code="a">Hagae Comitum,</subfield>
    <subfield code="b">apud Nicolaum van Daalen; [etc., etc.]</subfield>
    <subfield code="c">1765.</subfield>
  </datafield>
  <datafield tag="300" ind1=" " ind2=" ">
    <subfield code="a">2 v. in 1.</subfield>
    <subfield code="b">front. (port.) IX pl.</subfield>
    <subfield code="c">26 cm.</subfield>
  </datafield>
  <datafield tag="500" ind1=" " ind2=" ">
    <subfield code="a">An abridged translation of this, together with an abridgment of Middleton&apos;s &quot;Dissertation on the origin of printing in England&quot; was issued by W. Boyer in 1776 under title: The origin of printing.</subfield>
  </datafield>
  <datafield tag="510" ind1="4" ind2=" ">
    <subfield code="a">Library of Congress. Lessing J. Rosenwald collection,</subfield>
    <subfield code="c">2584</subfield>
  </datafield>
  <datafield tag="650" ind1=" " ind2="0">
    <subfield code="a">Printing</subfield>
    <subfield code="x">History</subfield>
    <subfield code="x">Origin and antecedents.</subfield>
  </datafield>
  <datafield tag="600" ind1="1" ind2="0">
    <subfield code="a">Coster, Lourens Janszoon,</subfield>
    <subfield code="d">approximately 1370-1439.</subfield>
  </datafield>
  <datafield tag="650" ind1=" " ind2="0">
    <subfield code="a">Printing</subfield>
    <subfield code="z">Netherlands</subfield>
    <subfield code="z">Haarlem</subfield>
    <subfield code="x">History</subfield>
    <subfield code="x">Origin and antecedents.</subfield>
  </datafield>
  <datafield tag="650" ind1=" " ind2="0">
    <subfield code="a">Incunabula</subfield>
    <subfield code="z">Netherlands</subfield>
    <subfield code="z">Haarlem</subfield>
    <subfield code="v">Bibliography.</subfield>
  </datafield>
  <datafield tag="651" ind1=" " ind2="0">
    <subfield code="a">Haarlem (Netherlands)</subfield>
    <subfield code="x">Imprints</subfield>
    <subfield code="v">Early works to 1800.</subfield>
  </datafield>
  <datafield tag="710" ind1="2" ind2=" ">
    <subfield code="a">Lessing J. Rosenwald Collection (Library of Congress)</subfield>
    <subfield code="5">DLC</subfield>
  </datafield>
  <datafield tag="710" ind1="2" ind2=" ">
    <subfield code="a">Pre-1801 Imprint Collection (Library of Congress)</subfield>
    <subfield code="5">DLC</subfield>
  </datafield>
  <datafield tag="985" ind1=" " ind2=" ">
    <subfield code="e">OCLC REPLACEMENT</subfield>
  </datafield>
  <datafield tag="985" ind1=" " ind2=" ">
    <subfield code="g">fcd</subfield>
  </datafield>
  <datafield tag="985" ind1=" " ind2=" ">
    <subfield code="a">rarebk/pre1801</subfield>
    <subfield code="e">rbc</subfield>
    <subfield code="f">ck03</subfield>
  </datafield>
  <datafield tag="991" ind1=" " ind2=" ">
    <subfield code="b">c-RareBook</subfield>
    <subfield code="h">Z126.3</subfield>
    <subfield code="i">.M49</subfield>
    <subfield code="t">Copy 1</subfield>
    <subfield code="m">Pre-1801 Coll</subfield>
    <subfield code="w">OCLCREP</subfield>
  </datafield>
  <datafield tag="991" ind1=" " ind2=" ">
    <subfield code="b">c-RareBook</subfield>
    <subfield code="h">Z126.3</subfield>
    <subfield code="i">.M49</subfield>
    <subfield code="t">Copy 2</subfield>
    <subfield code="m">Pre-1801 Coll</subfield>
    <subfield code="w">OCLCREP</subfield>
  </datafield>
</record>