
<record>
  <leader>03296cam a22005771a 4500</leader>
  <controlfield tag="001">6802116</controlfield>
  <controlfield tag="005">20200103153006.0</controlfield>
  <controlfield tag="007">cr |||||||||||</controlfield>
  <controlfield tag="008">761230s1713    fr bf         000 0 fre  </controlfield>
  <datafield tag="906" ind1=" " ind2=" ">
    <subfield code="a">7</subfield>
    <subfield code="b">cbc</subfield>
    <subfield code="c">premver</subfield>
    <subfield code="d">1</subfield>
    <subfield code="e">ncip</subfield>
    <subfield code="f">19</subfield>
    <subfield code="g">y-genrareb</subfield>
  </datafield>
  <datafield tag="955" ind1=" " ind2=" ">
    <subfield code="a">vj00</subfield>
    <subfield code="i">vj11 2004-05-12 NEW INPUT</subfield>
    <subfield code="e">vj07 2004-05-25</subfield>
    <subfield code="c">vj11 2006-10-10</subfield>
    <subfield code="e">vj05 2006-11-01</subfield>
    <subfield code="c">he04 2014-04-10</subfield>
  </datafield>
  <datafield tag="010" ind1=" " ind2=" ">
    <subfield code="a">   06010604 </subfield>
  </datafield>
  <datafield tag="040" ind1=" " ind2=" ">
    <subfield code="a">DLC</subfield>
    <subfield code="e">dcrmb</subfield>
    <subfield code="c">DLC</subfield>
    <subfield code="d">DLC</subfield>
  </datafield>
  <datafield tag="043" ind1=" " ind2=" ">
    <subfield code="a">n-usm--</subfield>
  </datafield>
  <datafield tag="050" ind1="0" ind2="0">
    <subfield code="a">F1030.5</subfield>
    <subfield code="b">.J86</subfield>
  </datafield>
  <datafield tag="051" ind1=" " ind2=" ">
    <subfield code="a">F1030.5</subfield>
    <subfield code="b">.J86 Copy 2</subfield>
    <subfield code="c">Provenance: Gift of Jay I. Kislak Foundation; armorial bookplate: Monsieur de la Tournelle.</subfield>
  </datafield>
  <datafield tag="051" ind1=" " ind2=" ">
    <subfield code="a">Thacher A766</subfield>
  </datafield>
  <datafield tag="100" ind1="1" ind2=" ">
    <subfield code="a">Joutel, Henri,</subfield>
    <subfield code="d">1640?-1735.</subfield>
  </datafield>
  <datafield tag="245" ind1="1" ind2="0">
    <subfield code="a">Journal historique du dernier voyage que feu M. de LaSale fit dans le golfe de Mexique, pour trouver l&apos;embouchure, &amp; le cours de la riviere de Missicipi, nommeé à present la riviere de Saint Loüis, qui traverse la Louisiane :</subfield>
    <subfield code="b">où l&apos;on voit l&apos;histoire tragique de sa mort, &amp; plusieurs choses curieuses du Nouveau monde /</subfield>
    <subfield code="c">par Monsieur Joutel, l&apos;un des compagnons de ce voyage ; redigé &amp; mis en ordre par Monsieur de Michel.</subfield>
  </datafield>
  <datafield tag="260" ind1=" " ind2=" ">
    <subfield code="a">A Paris :</subfield>
    <subfield code="b">Chez Estienne Robinot, libraire ...,</subfield>
    <subfield code="c">MDCCXIII [1713]</subfield>
  </datafield>
  <datafield tag="300" ind1=" " ind2=" ">
    <subfield code="a">xxxiv, 386 p., [1] folded leaf of plates :</subfield>
    <subfield code="b">map (engraving) ;</subfield>
    <subfield code="c">17 cm. (12mo)</subfield>
  </datafield>
  <datafield tag="500" ind1=" " ind2=" ">
    <subfield code="a">The original journal, of which this is an abridgment, was published in Pierre Margry&apos;s Découvertes et établissements des français dans l&apos;ouest et dans le sud de l&apos;Amérique Septentrionale, t. 3, 1878, p. [89]-534.</subfield>
  </datafield>
  <datafield tag="500" ind1=" " ind2=" ">
    <subfield code="a">Signatures: a¹² ẽ⁶(-ẽ6) A-Q¹².</subfield>
  </datafield>
  <datafield tag="510" ind1="4" ind2=" ">
    <subfield code="a">Sowerby, E.M.  Cat. of the lib. of Thomas Jefferson,</subfield>
    <subfield code="c">4073</subfield>
  </datafield>
  <datafield tag="510" ind1="4" ind2=" ">
    <subfield code="a">Church, E.D.  Discovery,</subfield>
    <subfield code="c">855</subfield>
  </datafield>
  <datafield tag="510" ind1="4" ind2=" ">
    <subfield code="a">Sabin</subfield>
    <subfield code="c">36760</subfield>
  </datafield>
  <datafield tag="510" ind1="4" ind2=" ">
    <subfield code="a">Thacher,</subfield>
    <subfield code="c">II, p. 25 (Americana)</subfield>
  </datafield>
  <datafield tag="500" ind1=" " ind2=" ">
    <subfield code="a">LC copy forms part of the Jefferson Exhibit Collection. Imperfect, wanting the map. With the Force Collection bookplate.</subfield>
    <subfield code="5">DLC</subfield>
  </datafield>
  <datafield tag="561" ind1=" " ind2=" ">
    <subfield code="a">LC copy has arms stamped in gilt on cover.</subfield>
    <subfield code="5">DLC</subfield>
  </datafield>
  <datafield tag="530" ind1=" " ind2=" ">
    <subfield code="a">Also available in digital form on the Library of Congress Web site.</subfield>
  </datafield>
  <datafield tag="600" ind1="1" ind2="0">
    <subfield code="a">La Salle, Robert Cavelier,</subfield>
    <subfield code="c">sieur de,</subfield>
    <subfield code="d">1643-1687.</subfield>
  </datafield>
  <datafield tag="651" ind1=" " ind2="0">
    <subfield code="a">Mississippi River</subfield>
    <subfield code="x">Discovery and exploration</subfield>
    <subfield code="x">French.</subfield>
  </datafield>
  <datafield tag="651" ind1=" " ind2="0">
    <subfield code="a">Louisiana</subfield>
    <subfield code="x">History</subfield>
    <subfield code="y">To 1803.</subfield>
  </datafield>
  <datafield tag="700" ind1="1" ind2=" ">
    <subfield code="a">Michel,</subfield>
    <subfield code="c">Monsieur de,</subfield>
    <subfield code="d">-1737.</subfield>
  </datafield>
  <datafield tag="700" ind1="1" ind2=" ">
    <subfield code="a">Force, Peter,</subfield>
    <subfield code="d">1790-1868.</subfield>
    <subfield code="5">DLC</subfield>
  </datafield>
  <datafield tag="710" ind1="2" ind2=" ">
    <subfield code="a">Jefferson Exhibit Collection (Library of Congress)</subfield>
    <subfield code="5">DLC</subfield>
  </datafield>
  <datafield tag="710" ind1="2" ind2=" ">
    <subfield code="a">John Boyd Thacher Collection (Library of Congress)</subfield>
    <subfield code="5">DLC</subfield>
  </datafield>
  <datafield tag="710" ind1="2" ind2=" ">
    <subfield code="a">Jay I. Kislak Collection (Library of Congress)</subfield>
    <subfield code="5">DLC</subfield>
  </datafield>
  <datafield tag="752" ind1=" " ind2=" ">
    <subfield code="a">France</subfield>
    <subfield code="d">Paris.</subfield>
  </datafield>
  <datafield tag="856" ind1="4" ind2="1">
    <subfield code="d">rbc0001</subfield>
    <subfield code="f">2019gen10604</subfield>
    <subfield code="q">o</subfield>
    <subfield code="u">http://hdl.loc.gov/loc.rbc/rbfr.0083</subfield>
  </datafield>
  <datafield tag="859" ind1="4" ind2="2">
    <subfield code="3">France in America: Selections from the LC Rare Books and Special Collections Division Description</subfield>
    <subfield code="u">http://hdl.loc.gov/loc.eur/frhtml.0002</subfield>
  </datafield>
  <datafield tag="952" ind1=" " ind2=" ">
    <subfield code="a">Kislak accession no.: 1993.022.00.0010</subfield>
  </datafield>
  <datafield tag="952" ind1=" " ind2=" ">
    <subfield code="a">F1030.5.J86 Copy 1 transferred from the general rare book collection to the Jefferson Exhibit Collection. he04 2014-04-10</subfield>
  </datafield>
  <datafield tag="952" ind1=" " ind2=" ">
    <subfield code="a">LAC ael 2019-06-04 no edits (2 cards)</subfield>
  </datafield>
  <datafield tag="984" ind1=" " ind2=" ">
    <subfield code="a">gsl</subfield>
  </datafield>
  <datafield tag="984" ind1=" " ind2=" ">
    <subfield code="a">rsl</subfield>
    <subfield code="d">2019-06-04</subfield>
  </datafield>
  <datafield tag="985" ind1=" " ind2=" ">
    <subfield code="a">rbc/scd</subfield>
  </datafield>
  <datafield tag="985" ind1=" " ind2=" ">
    <subfield code="a">rblacfederal</subfield>
    <subfield code="d">20190604</subfield>
  </datafield>
  <datafield tag="985" ind1=" " ind2=" ">
    <subfield code="a">ascfr/frlcrb/tx</subfield>
    <subfield code="e">intldl</subfield>
  </datafield>
  <datafield tag="985" ind1=" " ind2=" ">
    <subfield code="a">pmpull</subfield>
    <subfield code="e">ammem</subfield>
  </datafield>
  <datafield tag="991" ind1=" " ind2=" ">
    <subfield code="b">c-GenColl</subfield>
    <subfield code="h">F1030.5</subfield>
    <subfield code="i">.J86</subfield>
    <subfield code="t">Copy 1</subfield>
    <subfield code="w">OCLCREP</subfield>
  </datafield>
</record>