
<record>
  <leader>03200cam a22004451  4500</leader>
  <controlfield tag="001">6851431</controlfield>
  <controlfield tag="005">20200103153222.0</controlfield>
  <controlfield tag="007">cr |||||||||||</controlfield>
  <controlfield tag="008">840928s1613    fr abf        000 0afre  </controlfield>
  <datafield tag="906" ind1=" " ind2=" ">
    <subfield code="a">7</subfield>
    <subfield code="b">cbc</subfield>
    <subfield code="c">premver</subfield>
    <subfield code="d">u</subfield>
    <subfield code="e">ncip</subfield>
    <subfield code="f">19</subfield>
    <subfield code="g">y-gencatlg</subfield>
  </datafield>
  <datafield tag="035" ind1=" " ind2=" ">
    <subfield code="9">(DLC)   22006274</subfield>
  </datafield>
  <datafield tag="010" ind1=" " ind2=" ">
    <subfield code="a">   22006274 </subfield>
  </datafield>
  <datafield tag="040" ind1=" " ind2=" ">
    <subfield code="a">DLC</subfield>
    <subfield code="b">eng</subfield>
    <subfield code="c">CarP</subfield>
    <subfield code="d">DLC</subfield>
  </datafield>
  <datafield tag="043" ind1=" " ind2=" ">
    <subfield code="a">n-cn---</subfield>
  </datafield>
  <datafield tag="050" ind1="0" ind2="0">
    <subfield code="a">F1030.1</subfield>
    <subfield code="b">.C446</subfield>
  </datafield>
  <datafield tag="100" ind1="1" ind2=" ">
    <subfield code="a">Champlain, Samuel de,</subfield>
    <subfield code="d">1574-1635.</subfield>
  </datafield>
  <datafield tag="245" ind1="1" ind2="4">
    <subfield code="a">Les voyages dv sievr de Champlain Xaintongeois, capitaine ordinaire pour le Roy, en la marine.</subfield>
    <subfield code="b">Divisez en devx livres. ou, Iovrnal tres-fidele des observations faites és descouuertures de la Nouuelle France: tant en la descriptiõ des terres, costes, riuieres, ports, haures, leurs hauteurs, &amp; plusieurs declinaisons de la guide-aymant; quʾen la creãce des peuples, leur superstition façon de viure &amp; de guerroyer: enrichi de quantité de figures. Ensemble deux cartes geografiques: la premiere seruant à la nauigation, dressée selon les compas qui nordestent, sur lesquels les mariniers nauigent: lʾautre en son vray Meridien, auec ses longitudes &amp; latitudes: à laquelle est adiousté le voyage du destroict quʾont trouué les Anglois, au dessus de Labrador, depuis le 53e. degré de latitude, iusques au 63e. en lʾan 1612. cerchans vn chemin par le Nord, pour aller à la Chine.</subfield>
  </datafield>
  <datafield tag="250" ind1=" " ind2=" ">
    <subfield code="a">First edition.</subfield>
  </datafield>
  <datafield tag="260" ind1=" " ind2=" ">
    <subfield code="a">A Paris,</subfield>
    <subfield code="b">Chez Iean Berjon, rue S. Iean de Beauuais, au Cheual volant, &amp; en sa boutique au Palais, à la gallerie des prisonniers.</subfield>
    <subfield code="c">1613. Avec privilege dv Roy.</subfield>
  </datafield>
  <datafield tag="300" ind1=" " ind2=" ">
    <subfield code="a">10 p.l., 325, [5] p., 1 l., 3-52 p. incl. illus., 4 fold. maps.</subfield>
    <subfield code="b">3 fold. pl., 4 fold. maps.</subfield>
    <subfield code="c">24 cm.</subfield>
  </datafield>
  <datafield tag="500" ind1=" " ind2=" ">
    <subfield code="a">In the first group of paging p. [69] is incorrectly numbered 66, p. [286] is numbered 289, and p. [32] and [40] are not numbered; in the second group of paging p. [27] is numbered 2.</subfield>
  </datafield>
  <datafield tag="500" ind1=" " ind2=" ">
    <subfield code="a">This copy contains the large folded map. mounted on lines and placed in cover.</subfield>
    <subfield code="5">DLC</subfield>
  </datafield>
  <datafield tag="500" ind1=" " ind2=" ">
    <subfield code="a">For description of work cf. Church catalogue, no. 360.</subfield>
  </datafield>
  <datafield tag="500" ind1=" " ind2=" ">
    <subfield code="a">Bound by Lortic fils; brown morocco (Eve design) blue doublure with floreated border; monogram of Robert Hoe; blue silk lined guard leaves.</subfield>
  </datafield>
  <datafield tag="500" ind1=" " ind2=" ">
    <subfield code="a">Book-plates of Robert Hoe, and C.L.F. Robinson.</subfield>
  </datafield>
  <datafield tag="500" ind1=" " ind2=" ">
    <subfield code="a">Ms. note at head of t.-p.: Collegij Soc:[superscript tis] Jesu Louanij, 1636. In another hand the initials M.B.</subfield>
  </datafield>
  <datafield tag="530" ind1=" " ind2=" ">
    <subfield code="a">Also available in digital form on the Library of Congress Web site.</subfield>
  </datafield>
  <datafield tag="651" ind1=" " ind2="0">
    <subfield code="a">New France</subfield>
    <subfield code="x">Discovery and exploration.</subfield>
  </datafield>
  <datafield tag="650" ind1=" " ind2="0">
    <subfield code="a">Indians of North America</subfield>
    <subfield code="z">Canada.</subfield>
  </datafield>
  <datafield tag="651" ind1=" " ind2="0">
    <subfield code="a">America</subfield>
    <subfield code="x">Discovery and exploration</subfield>
    <subfield code="x">French.</subfield>
  </datafield>
  <datafield tag="856" ind1="4" ind2="1">
    <subfield code="d">rbc0001</subfield>
    <subfield code="f">2019gen06274</subfield>
    <subfield code="q">s</subfield>
    <subfield code="u">http://hdl.loc.gov/loc.rbc/rbfr.0012</subfield>
  </datafield>
  <datafield tag="859" ind1="4" ind2="2">
    <subfield code="3">France in America: Selections from the LC Rare Books and Special Collections Division Description</subfield>
    <subfield code="q">u</subfield>
    <subfield code="u">http://hdl.loc.gov/loc.eur/frhtml.0002</subfield>
  </datafield>
  <datafield tag="952" ind1=" " ind2=" ">
    <subfield code="a">LAC ael 2019-06-04 update (3 cards)</subfield>
  </datafield>
  <datafield tag="984" ind1=" " ind2=" ">
    <subfield code="a">rsl</subfield>
    <subfield code="d">2019-06-04</subfield>
  </datafield>
  <datafield tag="985" ind1=" " ind2=" ">
    <subfield code="a">rbc/scd</subfield>
  </datafield>
  <datafield tag="985" ind1=" " ind2=" ">
    <subfield code="a">rblacfederal</subfield>
    <subfield code="d">20190604</subfield>
  </datafield>
  <datafield tag="985" ind1=" " ind2=" ">
    <subfield code="a">ascfr/frlcrb/tx</subfield>
    <subfield code="e">intldl</subfield>
  </datafield>
  <datafield tag="985" ind1=" " ind2=" ">
    <subfield code="a">pmpull</subfield>
    <subfield code="e">intldl</subfield>
  </datafield>
  <datafield tag="985" ind1=" " ind2=" ">
    <subfield code="a">rarebk/pre1801</subfield>
    <subfield code="e">rbc</subfield>
    <subfield code="f">ck03</subfield>
    <subfield code="g">enh</subfield>
  </datafield>
  <datafield tag="991" ind1=" " ind2=" ">
    <subfield code="b">c-RareBook</subfield>
    <subfield code="h">F1030.1</subfield>
    <subfield code="i">.C446</subfield>
    <subfield code="t">Copy 1</subfield>
    <subfield code="m">Pre-1801 Coll</subfield>
    <subfield code="w">PREM</subfield>
  </datafield>
</record>